2656 3892
516 167 725 219 PRAEFATIO.
1063 170 1129 220 XIX

202 351 231 392 v.
246 328 320 393 684.
342 327 383 392 15
405 327 563 411 praebent
584 328 710 413 ’δίδυμα
732 349 792 412 pro
816 329 964 413 oidvpor„

201 416 320 481 1713.
340 416 382 480 12
405 415 542 501 denique
569 416 752 503 ῥοσρώικεν
780 416 927 482 scribunt
953 416 989 481 M
1007 416 1053 502 V,
1079 440 1128 482 ce·

111 505 191 570 teris
219 504 312 568 libris
340 504 530 590 ῥοσρωικῆσ
558 505 610 570 vel
641 505 866 592 ῥοσρωικίνησ
895 504 1127 591 praebentibus

109 616 170 679 pro
194 593 377 680 ὀσρωηνῆσ.

200 681 324 760 Quibus
354 681 510 766 exemplis
538 682 647 747 allatis
675 682 754 746 satis
783 683 1022 748 demonstrasse
1046 683 1128 748 mihi

110 772 231 857 videor,
245 769 446 837 artissimum
458 771 546 834 inter
559 775 733 854 utrumque
748 771 870 836 librum
878 771 1127 837 necessitudinis

110 881 180 926 esse
199 859 373 925 vinculum.
410 858 480 924 Iam
494 881 570 925 vero
581 859 779 925 Vaticanum
793 861 914 924 librum
928 860 1127 946 descriptum

110 971 180 1014 esse
199 971 216 1014 e
234 949 320 1013 libro
334 947 523 1014 Monacensi
542 948 711 1014 ostendere
731 950 882 1014 conabor.
914 948 1023 1032 Atque
1040 948 1127 1033 quod

108 1038 175 1102 iam
193 1038 232 1103 de
247 1036 451 1102 Bruxellensi
464 1036 678 1121 Leidensique
693 1037 787 1102 libris
801 1039 1004 1121 disputantes
1024 1036 1127 1102 anim-

109 1127 318 1210 advertimus,
339 1125 373 1188 id
390 1125 462 1209 pari
487 1145 615 1208 quoque
639 1126 735 1190 modo
759 1125 813 1190 hic
832 1126 1005 1190 observare
1029 1125 1127 1190 nobis

108 1215 195 1280 licet.
242 1213 332 1289 Quae
360 1212 446 1276 enim
473 1212 608 1277 nomina
634 1213 670 1276 in
700 1213 808 1278 codice
831 1212 1019 1277 Monacenei
1043 1235 1128 1278 eom-

107 1302 234 1387 pendiis
257 1304 374 1365 notata
396 1303 539 1385 exstant,
562 1322 601 1364 ea
617 1301 807 1385 plerumque
829 1301 924 1387 plene
948 1301 1070 1385 scripta
1093 1301 1128 1365 in

108 1391 219 1456 codice
242 1388 404 1454 Vaticano
427 1389 646 1455 inveniuntur.
901 1411 905 1418 ·

199 1478 453 1561 Nonnumquam
481 1478 516 1540 in
542 1477 627 1542 libro
655 1477 843 1544 Monacensi
875 1477 1010 1543 verbum
1040 1477 1128 1563 quod

105 1567 213 1653 prima
244 1588 359 1632 manus
393 1566 568 1651 scripserat
599 1571 780 1632 correctum
809 1567 993 1632 asecunda
1025 1588 1125 1630 manu

109 1657 267 1740 videmuS,
280 1654 460 1720 Vaticanus
484 1658 594 1720 autem
612 1677 731 1720 nomen
750 1655 955 1721 emendatum
975 1655 1126 1741 catalogo

106 1744 290 1829 inscripsit,
313 1743 402 1808 velut

106 1961 128 2041 β
189 1891 225 1980 ,a
250 1866 323 1932 645.
351 1869 373 1931 4
400 1866 451 1930 M:
490 1843 626 1950 dolatico
658 1865 685 1954 (ι
714 1889 752 1932 ex
781 1819 811 1932 o.
827 1864 1043 1954 correctum),
1076 1866 1120 1932 V:

130 1974 246 2023 οιτιασ.
753 1981 754 1984 ’

195 2122 224 2163 v.
243 2099 318 2166 683.
341 2099 361 2164 6
384 2097 432 2163 M:
456 2048 597 2186 adituque,
632 2098 678 2164 V:
703 2100 835 2184 tlpvou.

107 2274 151 2340 v:
175 2188 319 2340 τὲὡοῗξὸ.
342 2189 378 2251 11
395 2186 443 2252 M:
466 2186 563 2253 τένοσ
581 2186 708 2272 (littera
725 2210 741 2252 ε
760 2186 930 2251 emendata
954 2191 1004 2252 est
1024 2209 1062 2251 ex
1080 2184 1127 2273 η),

198 2412 227 2453 v.
247 2389 320 2453 710.
347 2389 369 2452 5
391 2386 439 2452 M:
467 2365 582 2471 aalide
605 2386 661 2474 (rw
690 2392 723 2451 et
746 2411 766 2470 η
795 2388 924 2452 litterae
950 2389 986 2450 in
1012 2410 1127 2453 rasura

109 2477 248 2560 scriptae
273 2472 373 2562 sunt),
395 2475 582 2560 pariterque
601 2474 641 2540 V:
664 2474 807 2561 peaafl'.

196 2581 354 2668 Magnum
381 2587 583 2647 momentum
611 2582 651 2647 ad
682 2603 752 2646 rem
780 2581 1018 2647 diiudicandum
1052 2582 1126 2648 affe·

106 2676 183 2736 runt
202 2695 230 2737 v.
250 2671 325 2736 690.
344 2672 366 2735 4
384 2675 417 2735 et
436 2676 616 2755 sequentes,
638 2669 673 2735 in
697 2670 815 2754 quibus
837 2670 1023 2757 provinciae
1041 2669 1126 2735 Pon-

106 2761 190 2826 ticae
208 2760 332 2845 primae
351 2765 582 2825 enumerantur
595 2761 701 2825 urbes.
733 2759 946 2843 Reliquorum
964 2760 1125 2826 librorum

107 2849 186 2914 ordo
196 2849 250 2914 hio
260 2852 323 2914 est:
333 2849 517 2932 χαλκηδών.
529 2847 729 2914 ἕλενόπολισ.
742 2851 907 2934 wodestoc.
921 2849 1125 2932 νικομήδεια.

106 2942 226 3003 νίκαια.
234 2935 259 3024 ¹)
296 2935 400 3013 Quem
417 2937 563 3002 ordinem
582 2938 682 3002 etiam
699 2937 853 3002 librarius
872 2937 992 3002 codicis
1012 2935 1124 3002 Mona·

107 3027 211 3092 censis
235 3026 327 3109 sequi
350 3026 470 3108 voluit,
494 3026 550 3091 scd
572 3047 631 3111 per
652 3025 905 3110 imprudentiam
928 3025 1025 3090 urbes
1048 3029 1123 3112 πρί-

106 3131 212 3180 νετοσ.
236 3115 430 3199 νικομήὸεια
453 3114 575 3200 omisit,
597 3115 646 3179 ita
669 3114 826 3180 scribens:
850 3114 1033 3198 χαλκηδών.
1057 3111 1124 3178 ἑλε-

180 3310 206 3376 1)
232 3305 433 3362 Constantinus
456 3307 531 3362 hune
553 3305 641 3361 habet
668 3305 809 3361 ordinem:
838 3304 1031 3377 νικομήδειαν.
1066 3299 1125 3359 ἔλε-

105 3379 250 3434 vaduam.
283 3379 443 3448 πραίνετον.
482 3376 538 3432 Sed
557 3393 621 3432 oum
644 3376 732 3432 addat
762 3376 886 3432 ἀστακόν
909 3374 1125 3446 1111911111-

106 3452 189 3504 πολιν
210 3450 309 3504 contra
327 3448 464 3504 librorum
482 3463 662 3517 consensum,
681 3447 718 3503 ad
738 3445 966 3504 constituendum
983 3443 1125 3500 Hieroclis

106 3521 273 3575 contextum
291 3518 468 3576 adhibendus
486 3536 545 3575 non
564 3520 615 3575 ert.

924 3604 963 3657 b*
