<?xml version="1.0" encoding="UTF-8"?>
<!DOCTYPE html PUBLIC "-//W3C//DTD XHTML 1.0 Transitional//EN"
    "http://www.w3.org/TR/xhtml1/DTD/xhtml1-transitional.dtd">
<html xmlns="http://www.w3.org/1999/xhtml" xml:lang="en" lang="en">
 <head>
  <title>
</title>
<meta http-equiv="Content-Type" content="text/html;charset=utf-8" />
  <meta name='ocr-system' content='tesseract 3.04.00' />
  <meta name='ocr-capabilities' content='ocr_page ocr_carea ocr_par ocr_line ocrx_word'/>
</head>
<body>
  <div class='ocr_page' id='page_1' title='image "./hieroclissynecd00consgoog_0019.png"; bbox 0 0 2656 3892; ppageno 0'>
   <div class='ocr_carea' id='block_1_1' title="bbox 499 197 1117 251">
    <p class='ocr_par' dir='ltr' id='par_1_1' title="bbox 499 197 1117 251">
     <span class='ocr_line' id='line_1_1' title="bbox 499 197 1117 251; baseline 0 -1"><span class='ocrx_word' id='word_1_1' title='bbox 499 197 708 251; x_wconf 82' lang='lat' dir='ltr'><strong>PRAEFATIO.</strong></span> <span class='ocrx_word' id='word_1_2' title='bbox 1050 201 1117 250; x_wconf 86' lang='lat' dir='ltr'>XIII</span> 
     </span>
    </p>
   </div>
   <div class='ocr_carea' id='block_1_2' title="bbox 11 357 1123 2991">
    <p class='ocr_par' dir='ltr' id='par_1_2' title="bbox 97 357 1118 1153">
     <span class='ocr_line' id='line_1_2' title="bbox 98 357 1116 445; baseline -0.001 -20"><span class='ocrx_word' id='word_1_3' title='bbox 98 382 181 445; x_wconf 88' lang='lat' dir='ltr'>quae</span> <span class='ocrx_word' id='word_1_4' title='bbox 209 359 245 424; x_wconf 94' lang='lat' dir='ltr'>in</span> <span class='ocrx_word' id='word_1_5' title='bbox 271 357 364 422; x_wconf 87' lang='lat' dir='ltr'>libris</span> <span class='ocrx_word' id='word_1_6' title='bbox 392 359 514 443; x_wconf 89' lang='lat' dir='ltr'>scripta</span> <span class='ocrx_word' id='word_1_7' title='bbox 546 363 636 444; x_wconf 80' lang='lat' dir='ltr'>sunt,</span> <span class='ocrx_word' id='word_1_8' title='bbox 667 358 908 424; x_wconf 71' lang='lat' dir='ltr'>emendationes</span> <span class='ocrx_word' id='word_1_9' title='bbox 937 381 1012 424; x_wconf 86' lang='lat' dir='ltr'>suas</span> <span class='ocrx_word' id='word_1_10' title='bbox 1043 381 1116 424; x_wconf 91' lang='lat' dir='ltr'>con-</span> 
     </span>
     <span class='ocr_line' id='line_1_3' title="bbox 97 446 1117 534; baseline -0.003 -20"><span class='ocrx_word' id='word_1_11' title='bbox 97 448 203 514; x_wconf 87' lang='lat' dir='ltr'>textui</span> <span class='ocrx_word' id='word_1_12' title='bbox 232 447 436 532; x_wconf 86' lang='lat' dir='ltr'>inseruisset,</span> <span class='ocrx_word' id='word_1_13' title='bbox 468 469 621 534; x_wconf 80' lang='lat' dir='ltr'>magnam</span> <span class='ocrx_word' id='word_1_14' title='bbox 649 448 747 512; x_wconf 88' lang='lat' dir='ltr'>fidem</span> <span class='ocrx_word' id='word_1_15' title='bbox 768 447 845 514; x_wconf 92' lang='lat' dir='ltr'>huic</span> <span class='ocrx_word' id='word_1_16' title='bbox 880 446 1018 514; x_wconf 85' lang='lat' dir='ltr'>editioni</span> <span class='ocrx_word' id='word_1_17' title='bbox 1049 470 1117 512; x_wconf 93' lang='lat' dir='ltr'>non</span> 
     </span>
     <span class='ocr_line' id='line_1_4' title="bbox 98 536 1116 622; baseline -0.001 -19"><span class='ocrx_word' id='word_1_18' title='bbox 98 536 282 603; x_wconf 82' lang='lat' dir='ltr'>habendam</span> <span class='ocrx_word' id='word_1_19' title='bbox 304 558 373 601; x_wconf 90' lang='lat' dir='ltr'>esse</span> <span class='ocrx_word' id='word_1_20' title='bbox 396 536 432 600; x_wconf 95' lang='lat' dir='ltr'>in</span> <span class='ocrx_word' id='word_1_21' title='bbox 455 541 567 621; x_wconf 88' lang='lat' dir='ltr'>aperto</span> <span class='ocrx_word' id='word_1_22' title='bbox 592 540 654 622; x_wconf 81' lang='lat' dir='ltr'>est3</span> <span class='ocrx_word' id='word_1_23' title='bbox 685 540 718 600; x_wconf 95' lang='lat' dir='ltr'>et</span> <span class='ocrx_word' id='word_1_24' title='bbox 746 540 857 602; x_wconf 88' lang='lat' dir='ltr'>tamen</span> <span class='ocrx_word' id='word_1_25' title='bbox 879 558 920 601; x_wconf 81' lang='lat' dir='ltr'>cx</span> <span class='ocrx_word' id='word_1_26' title='bbox 942 559 980 602; x_wconf 89' lang='lat' dir='ltr'>ea</span> <span class='ocrx_word' id='word_1_27' title='bbox 1004 558 1116 602; x_wconf 92' lang='lat' dir='ltr'>omnes</span> 
     </span>
     <span class='ocr_line' id='line_1_5' title="bbox 100 623 1116 710; baseline -0.002 -19"><span class='ocrx_word' id='word_1_28' title='bbox 100 630 272 710; x_wconf 77' lang='lat' dir='ltr'>sequentes</span> <span class='ocrx_word' id='word_1_29' title='bbox 300 624 457 690; x_wconf 75' lang='lat' dir='ltr'>editiones</span> <span class='ocrx_word' id='word_1_30' title='bbox 489 625 639 710; x_wconf 91' lang='lat' dir='ltr'>pendent.</span> <span class='ocrx_word' id='word_1_31' title='bbox 684 623 748 690; x_wconf 90' lang='lat' dir='ltr'>Per</span> <span class='ocrx_word' id='word_1_32' title='bbox 775 647 918 691; x_wconf 88' lang='lat' dir='ltr'>errorem</span> <span class='ocrx_word' id='word_1_33' title='bbox 945 626 980 690; x_wconf 94' lang='lat' dir='ltr'>in</span> <span class='ocrx_word' id='word_1_34' title='bbox 1008 624 1116 690; x_wconf 81' lang='lat' dir='ltr'>Schel-</span> 
     </span>
     <span class='ocr_line' id='line_1_6' title="bbox 100 713 1118 797; baseline -0.001 -18"><span class='ocrx_word' id='word_1_35' title='bbox 100 714 238 779; x_wconf 86' lang='lat' dir='ltr'>strateni</span> <span class='ocrx_word' id='word_1_36' title='bbox 261 713 402 779; x_wconf 89' lang='lat' dir='ltr'>editione</span> <span class='ocrx_word' id='word_1_37' title='bbox 426 735 508 797; x_wconf 89' lang='lat' dir='ltr'>quae</span> <span class='ocrx_word' id='word_1_38' title='bbox 532 737 560 778; x_wconf 86' lang='lat' dir='ltr'>v.</span> <span class='ocrx_word' id='word_1_39' title='bbox 585 713 657 779; x_wconf 80' lang='lat'>715.</span> <span class='ocrx_word' id='word_1_40' title='bbox 679 715 832 780; x_wconf 81' lang='grc'><strong>6-716.</strong></span> <span class='ocrx_word' id='word_1_41' title='bbox 855 716 878 778; x_wconf 87' lang='grc'>4</span> <span class='ocrx_word' id='word_1_42' title='bbox 909 715 1118 781; x_wconf 88' lang='lat' dir='ltr'>continentur</span> 
     </span>
     <span class='ocr_line' id='line_1_7' title="bbox 99 802 1117 887; baseline 0 -21"><span class='ocrx_word' id='word_1_43' title='bbox 99 803 230 868; x_wconf 90' lang='lat' dir='ltr'>urbium</span> <span class='ocrx_word' id='word_1_44' title='bbox 260 803 395 869; x_wconf 92' lang='lat' dir='ltr'>nomina</span> <span class='ocrx_word' id='word_1_45' title='bbox 425 803 478 867; x_wconf 86' lang='lat' dir='ltr'>bis</span> <span class='ocrx_word' id='word_1_46' title='bbox 510 802 673 887; x_wconf 88' lang='lat' dir='ltr'>exscripta</span> <span class='ocrx_word' id='word_1_47' title='bbox 699 825 717 868; x_wconf 92' lang='lat' dir='ltr'>e</span> <span class='ocrx_word' id='word_1_48' title='bbox 743 803 828 869; x_wconf 91' lang='lat' dir='ltr'>libro</span> <span class='ocrx_word' id='word_1_49' title='bbox 861 803 1040 869; x_wconf 87' lang='lat' dir='ltr'>Farnesino</span> <span class='ocrx_word' id='word_1_50' title='bbox 1070 803 1117 867; x_wconf 91' lang='lat' dir='ltr'>in-</span> 
     </span>
     <span class='ocr_line' id='line_1_8' title="bbox 99 889 1117 975; baseline 0.001 -19"><span class='ocrx_word' id='word_1_51' title='bbox 99 891 281 956; x_wconf 86' lang='lat' dir='ltr'>veniuntur.</span> <span class='ocrx_word' id='word_1_52' title='bbox 318 889 437 967; x_wconf 81' lang='lat' dir='ltr'>Quare</span> <span class='ocrx_word' id='word_1_53' title='bbox 453 891 619 975; x_wconf 87' lang='lat' dir='ltr'>adductus,</span> <span class='ocrx_word' id='word_1_54' title='bbox 635 891 717 958; x_wconf 91' lang='lat' dir='ltr'>duos</span> <span class='ocrx_word' id='word_1_55' title='bbox 732 892 857 958; x_wconf 91' lang='lat' dir='ltr'>codices</span> <span class='ocrx_word' id='word_1_56' title='bbox 878 891 1117 957; x_wconf 77' lang='lat' dir='ltr'>‘Farnesianos&#39;</span> 
     </span>
     <span class='ocr_line' id='line_1_9' title="bbox 99 979 1118 1046; baseline 0.001 -2"><span class='ocrx_word' id='word_1_57' title='bbox 99 980 221 1046; x_wconf 86' lang='lat' dir='ltr'>Lucam</span> <span class='ocrx_word' id='word_1_58' title='bbox 252 979 462 1045; x_wconf 88' lang='lat' dir='ltr'>Holstenium</span> <span class='ocrx_word' id='word_1_59' title='bbox 495 980 534 1046; x_wconf 95' lang='lat' dir='ltr'>ad</span> <span class='ocrx_word' id='word_1_60' title='bbox 565 980 785 1046; x_wconf 88' lang='lat' dir='ltr'>adornandam</span> <span class='ocrx_word' id='word_1_61' title='bbox 817 1003 910 1046; x_wconf 85' lang='lat' dir='ltr'>suam</span> <span class='ocrx_word' id='word_1_62' title='bbox 942 981 1118 1046; x_wconf 88' lang='lat' dir='ltr'>editionem</span> 
     </span>
     <span class='ocr_line' id='line_1_10' title="bbox 99 1069 813 1153; baseline -0.003 -19"><span class='ocrx_word' id='word_1_63' title='bbox 99 1069 288 1134; x_wconf 80' lang='lat' dir='ltr'>adhibuisse</span> <span class='ocrx_word' id='word_1_64' title='bbox 312 1073 546 1134; x_wconf 89' lang='lat' dir='ltr'>commemorat</span> <span class='ocrx_word' id='word_1_65' title='bbox 565 1069 813 1153; x_wconf 83' lang='lat' dir='ltr'>Wesselingius.</span> 
     </span>
    </p>

    <p class='ocr_par' dir='ltr' id='par_1_3' title="bbox 11 1155 1121 2124">
     <span class='ocr_line' id='line_1_11' title="bbox 190 1155 1117 1221; baseline -0.001 0"><span class='ocrx_word' id='word_1_66' title='bbox 190 1155 334 1221; x_wconf 82' lang='lat' dir='ltr'>Summis</span> <span class='ocrx_word' id='word_1_67' title='bbox 366 1155 517 1219; x_wconf 86' lang='lat' dir='ltr'>laudibus</span> <span class='ocrx_word' id='word_1_68' title='bbox 547 1156 740 1219; x_wconf 88' lang='lat' dir='ltr'>celebranda</span> <span class='ocrx_word' id='word_1_69' title='bbox 770 1159 821 1219; x_wconf 88' lang='lat' dir='ltr'>est</span> <span class='ocrx_word' id='word_1_70' title='bbox 849 1157 948 1220; x_wconf 90' lang='lat' dir='ltr'>editio</span> <span class='ocrx_word' id='word_1_71' title='bbox 978 1156 1117 1221; x_wconf 90' lang='lat' dir='ltr'>aPetro</span> 
     </span>
     <span class='ocr_line' id='line_1_12' title="bbox 99 1239 1119 1328; baseline 0 -20"><span class='ocrx_word' id='word_1_72' title='bbox 99 1243 322 1328; x_wconf 82' lang='lat' dir='ltr'>Wesselingio</span> <span class='ocrx_word' id='word_1_73' title='bbox 346 1264 430 1306; x_wconf 87' lang='lat' dir='ltr'>anno</span> <span class='ocrx_word' id='word_1_74' title='bbox 453 1246 530 1326; x_wconf 90' lang='lat' dir='ltr'>post</span> <span class='ocrx_word' id='word_1_75' title='bbox 549 1239 624 1306; x_wconf 82' lang='lat' dir='ltr'>Ohr.</span> <span class='ocrx_word' id='word_1_76' title='bbox 641 1264 673 1306; x_wconf 92' lang='lat' dir='ltr'>n.</span> <span class='ocrx_word' id='word_1_77' title='bbox 691 1240 938 1308; x_wconf 80' lang='lat' dir='ltr'>MDOOXXXV</span> <span class='ocrx_word' id='word_1_78' title='bbox 955 1244 990 1307; x_wconf 91' lang='lat' dir='ltr'>in</span> <span class='ocrx_word' id='word_1_79' title='bbox 1012 1243 1119 1308; x_wconf 89' lang='lat' dir='ltr'>lucem</span> 
     </span>
     <span class='ocr_line' id='line_1_13' title="bbox 100 1329 1118 1418; baseline 0.001 -23"><span class='ocrx_word' id='word_1_80' title='bbox 100 1332 243 1417; x_wconf 85' lang='lat' dir='ltr'>prolata,</span> <span class='ocrx_word' id='word_1_81' title='bbox 273 1331 392 1415; x_wconf 89' lang='lat' dir='ltr'>quippe</span> <span class='ocrx_word' id='word_1_82' title='bbox 416 1330 471 1414; x_wconf 93' lang='lat' dir='ltr'>qui</span> <span class='ocrx_word' id='word_1_83' title='bbox 496 1329 686 1397; x_wconf 89' lang='lat' dir='ltr'>doctissimo</span> <span class='ocrx_word' id='word_1_84' title='bbox 710 1335 743 1396; x_wconf 89' lang='lat' dir='ltr'>et</span> <span class='ocrx_word' id='word_1_85' title='bbox 766 1332 870 1397; x_wconf 90' lang='lat' dir='ltr'>bonae</span> <span class='ocrx_word' id='word_1_86' title='bbox 894 1331 1000 1418; x_wconf 86' lang='lat' dir='ltr'>frugis</span> <span class='ocrx_word' id='word_1_87' title='bbox 1022 1332 1118 1417; x_wconf 91' lang='lat' dir='ltr'>pleno</span> 
     </span>
     <span class='ocr_line' id='line_1_14' title="bbox 11 1418 1120 1506; baseline 0.002 -22"><span class='ocrx_word' id='word_1_88' title='bbox 11 1499 13 1506; x_wconf 19' lang='lat' dir='ltr'><em>s</em></span> <span class='ocrx_word' id='word_1_89' title='bbox 101 1419 335 1485; x_wconf 88' lang='lat' dir='ltr'>commentario</span> <span class='ocrx_word' id='word_1_90' title='bbox 362 1418 524 1484; x_wconf 80' lang='lat' dir='ltr'>Hieroclis</span> <span class='ocrx_word' id='word_1_91' title='bbox 555 1419 749 1504; x_wconf 87' lang='lat' dir='ltr'>opusculum</span> <span class='ocrx_word' id='word_1_92' title='bbox 779 1421 944 1505; x_wconf 87' lang='lat' dir='ltr'>praeclare</span> <span class='ocrx_word' id='word_1_93' title='bbox 975 1419 1120 1486; x_wconf 90' lang='lat' dir='ltr'>illustra-</span> 
     </span>
     <span class='ocr_line' id='line_1_15' title="bbox 100 1507 1120 1594; baseline 0.002 -22"><span class='ocrx_word' id='word_1_94' title='bbox 100 1508 192 1573; x_wconf 86' lang='lat' dir='ltr'>verit.</span> <span class='ocrx_word' id='word_1_95' title='bbox 238 1507 362 1573; x_wconf 90' lang='lat' dir='ltr'>Verum</span> <span class='ocrx_word' id='word_1_96' title='bbox 395 1508 435 1573; x_wconf 89' lang='lat' dir='ltr'>ad</span> <span class='ocrx_word' id='word_1_97' title='bbox 466 1530 535 1576; x_wconf 92' lang='lat' dir='ltr'>rem</span> <span class='ocrx_word' id='word_1_98' title='bbox 567 1509 714 1574; x_wconf 78' lang='lat' dir='ltr'>criticam</span> <span class='ocrx_word' id='word_1_99' title='bbox 745 1510 1000 1594; x_wconf 88' lang='lat' dir='ltr'>promovendam</span> <span class='ocrx_word' id='word_1_100' title='bbox 1032 1509 1120 1576; x_wconf 93' lang='lat' dir='ltr'>haud</span> 
     </span>
     <span class='ocr_line' id='line_1_16' title="bbox 100 1595 1120 1683; baseline 0.001 -21"><span class='ocrx_word' id='word_1_101' title='bbox 100 1597 241 1662; x_wconf 92' lang='lat' dir='ltr'>multum</span> <span class='ocrx_word' id='word_1_102' title='bbox 264 1596 412 1662; x_wconf 90' lang='lat' dir='ltr'>contulit.</span> <span class='ocrx_word' id='word_1_103' title='bbox 455 1595 564 1662; x_wconf 77' lang='lat' dir='ltr'>(lodex</span> <span class='ocrx_word' id='word_1_104' title='bbox 588 1597 675 1663; x_wconf 92' lang='lat' dir='ltr'>enim</span> <span class='ocrx_word' id='word_1_105' title='bbox 694 1598 861 1664; x_wconf 84' lang='lat' dir='ltr'>Leidensis</span> <span class='ocrx_word' id='word_1_106' title='bbox 881 1621 945 1683; x_wconf 92' lang='lat' dir='ltr'>quo</span> <span class='ocrx_word' id='word_1_107' title='bbox 965 1599 1006 1664; x_wconf 91' lang='lat' dir='ltr'>ad</span> <span class='ocrx_word' id='word_1_108' title='bbox 1025 1599 1120 1664; x_wconf 85' lang='lat' dir='ltr'>casti-</span> 
     </span>
     <span class='ocr_line' id='line_1_17' title="bbox 102 1685 1119 1772; baseline 0.002 -22"><span class='ocrx_word' id='word_1_109' title='bbox 102 1685 244 1772; x_wconf 85' lang='lat' dir='ltr'>gandum</span> <span class='ocrx_word' id='word_1_110' title='bbox 267 1685 497 1769; x_wconf 86' lang='lat' dir='ltr'>synecdemum</span> <span class='ocrx_word' id='word_1_111' title='bbox 520 1708 597 1750; x_wconf 88' lang='lat' dir='ltr'>usus</span> <span class='ocrx_word' id='word_1_112' title='bbox 622 1691 686 1771; x_wconf 86' lang='lat' dir='ltr'>est,</span> <span class='ocrx_word' id='word_1_113' title='bbox 715 1688 958 1753; x_wconf 87' lang='lat' dir='ltr'>recentissimus</span> <span class='ocrx_word' id='word_1_114' title='bbox 981 1688 1119 1772; x_wconf 81' lang='lat' dir='ltr'>vilisque</span> 
     </span>
     <span class='ocr_line' id='line_1_18' title="bbox 100 1772 1120 1858; baseline 0.003 -21"><span class='ocrx_word' id='word_1_115' title='bbox 100 1773 199 1858; x_wconf 90' lang='lat' dir='ltr'>pretii</span> <span class='ocrx_word' id='word_1_116' title='bbox 223 1777 280 1838; x_wconf 90' lang='lat' dir='ltr'>est.</span> <span class='ocrx_word' id='word_1_117' title='bbox 326 1772 506 1839; x_wconf 87' lang='lat' dir='ltr'>Immanuel</span> <span class='ocrx_word' id='word_1_118' title='bbox 529 1773 660 1840; x_wconf 87' lang='lat' dir='ltr'>Behher</span> <span class='ocrx_word' id='word_1_119' title='bbox 687 1775 785 1841; x_wconf 89' lang='lat' dir='ltr'>tertio</span> <span class='ocrx_word' id='word_1_120' title='bbox 811 1773 1020 1841; x_wconf 79' lang='lat' dir='ltr'>Constantini</span> <span class='ocrx_word' id='word_1_121' title='bbox 1042 1776 1120 1842; x_wconf 91' lang='lat' dir='ltr'>Por-</span> 
     </span>
     <span class='ocr_line' id='line_1_19' title="bbox 100 1861 1121 1948; baseline 0.002 -22"><span class='ocrx_word' id='word_1_122' title='bbox 100 1861 339 1947; x_wconf 84' lang='lat' dir='ltr'>phyrogenneti</span> <span class='ocrx_word' id='word_1_123' title='bbox 362 1862 520 1928; x_wconf 88' lang='lat' dir='ltr'>volumini</span> <span class='ocrx_word' id='word_1_124' title='bbox 544 1862 729 1948; x_wconf 88' lang='lat' dir='ltr'>synecdomi</span> <span class='ocrx_word' id='word_1_125' title='bbox 753 1863 929 1930; x_wconf 89' lang='lat' dir='ltr'>editionem</span> <span class='ocrx_word' id='word_1_126' title='bbox 953 1887 972 1929; x_wconf 98' lang='lat' dir='ltr'>a</span> <span class='ocrx_word' id='word_1_127' title='bbox 992 1863 1121 1928; x_wconf 86' lang='lat' dir='ltr'>Wesse-</span> 
     </span>
     <span class='ocr_line' id='line_1_20' title="bbox 100 1950 1119 2040; baseline 0.004 -27"><span class='ocrx_word' id='word_1_128' title='bbox 100 1950 204 2036; x_wconf 81' lang='lat' dir='ltr'>lingio</span> <span class='ocrx_word' id='word_1_129' title='bbox 228 1950 357 2034; x_wconf 86' lang='lat' dir='ltr'>factam,</span> <span class='ocrx_word' id='word_1_130' title='bbox 380 1951 434 2016; x_wconf 87' lang='lat' dir='ltr'>hic</span> <span class='ocrx_word' id='word_1_131' title='bbox 451 1951 520 2018; x_wconf 89' lang='lat' dir='ltr'>illic</span> <span class='ocrx_word' id='word_1_132' title='bbox 539 1957 709 2038; x_wconf 87' lang='lat' dir='ltr'>mutatam,</span> <span class='ocrx_word' id='word_1_133' title='bbox 733 1953 860 2040; x_wconf 87' lang='lat' dir='ltr'>adiecit,</span> <span class='ocrx_word' id='word_1_134' title='bbox 883 1952 1017 2018; x_wconf 89' lang='lat' dir='ltr'>Bonnae</span> <span class='ocrx_word' id='word_1_135' title='bbox 1033 1975 1119 2018; x_wconf 90' lang='lat' dir='ltr'>anno</span> 
     </span>
     <span class='ocr_line' id='line_1_21' title="bbox 14 2037 571 2124; baseline 0.005 -21"><span class='ocrx_word' id='word_1_136' title='bbox 14 2049 16 2055; x_wconf 81' lang='grc'>’</span> <span class='ocrx_word' id='word_1_137' title='bbox 102 2044 178 2124; x_wconf 90' lang='lat' dir='ltr'>post</span> <span class='ocrx_word' id='word_1_138' title='bbox 202 2037 277 2106; x_wconf 83' lang='lat' dir='ltr'>Ohr.</span> <span class='ocrx_word' id='word_1_139' title='bbox 299 2062 330 2103; x_wconf 95' lang='lat' dir='ltr'>n.</span> <span class='ocrx_word' id='word_1_140' title='bbox 354 2038 571 2106; x_wconf 76' lang='lat' dir='ltr'>MDOOOXL.</span> 
     </span>
    </p>

    <p class='ocr_par' dir='ltr' id='par_1_4' title="bbox 101 2127 1122 2654">
     <span class='ocr_line' id='line_1_22' title="bbox 189 2127 1121 2216; baseline 0.003 -24"><span class='ocrx_word' id='word_1_141' title='bbox 189 2127 361 2192; x_wconf 79' lang='lat' dir='ltr'>Editiones</span> <span class='ocrx_word' id='word_1_142' title='bbox 384 2151 497 2194; x_wconf 90' lang='lat' dir='ltr'>eorum</span> <span class='ocrx_word' id='word_1_143' title='bbox 519 2130 663 2195; x_wconf 85' lang='lat' dir='ltr'>virorum</span> <span class='ocrx_word' id='word_1_144' title='bbox 687 2130 757 2216; x_wconf 85' lang='lat' dir='ltr'>qui,</span> <span class='ocrx_word' id='word_1_145' title='bbox 785 2130 949 2196; x_wconf 87' lang='lat' dir='ltr'>codicibus</span> <span class='ocrx_word' id='word_1_146' title='bbox 977 2152 1045 2197; x_wconf 92' lang='lat' dir='ltr'>non</span> <span class='ocrx_word' id='word_1_147' title='bbox 1068 2130 1121 2195; x_wconf 92' lang='lat' dir='ltr'>ad·</span> 
     </span>
     <span class='ocr_line' id='line_1_23' title="bbox 101 2216 1121 2303; baseline 0.002 -23"><span class='ocrx_word' id='word_1_148' title='bbox 101 2216 225 2300; x_wconf 89' lang='lat' dir='ltr'>hibitis,</span> <span class='ocrx_word' id='word_1_149' title='bbox 247 2216 414 2281; x_wconf 89' lang='lat' dir='ltr'>Holstenii</span> <span class='ocrx_word' id='word_1_150' title='bbox 437 2217 488 2282; x_wconf 90' lang='lat' dir='ltr'>vel</span> <span class='ocrx_word' id='word_1_151' title='bbox 509 2216 722 2303; x_wconf 80' lang='lat' dir='ltr'>Wesseh’ngii</span> <span class='ocrx_word' id='word_1_152' title='bbox 745 2223 934 2285; x_wconf 85' lang='lat' dir='ltr'>contextum</span> <span class='ocrx_word' id='word_1_153' title='bbox 957 2219 1045 2303; x_wconf 88' lang='lat' dir='ltr'>typis</span> <span class='ocrx_word' id='word_1_154' title='bbox 1070 2241 1121 2282; x_wconf 80' lang='lat' dir='ltr'>ex-</span> 
     </span>
     <span class='ocr_line' id='line_1_24' title="bbox 103 2303 1122 2388; baseline 0.003 -21"><span class='ocrx_word' id='word_1_155' title='bbox 103 2303 312 2388; x_wconf 86' lang='lat' dir='ltr'>scripserunt,</span> <span class='ocrx_word' id='word_1_156' title='bbox 330 2303 420 2368; x_wconf 86' lang='lat' dir='ltr'>velut</span> <span class='ocrx_word' id='word_1_157' title='bbox 434 2326 488 2369; x_wconf 92' lang='lat' dir='ltr'>eas</span> <span class='ocrx_word' id='word_1_158' title='bbox 509 2326 589 2386; x_wconf 89' lang='lat' dir='ltr'>quas</span> <span class='ocrx_word' id='word_1_159' title='bbox 605 2305 777 2371; x_wconf 80' lang='lat' dir='ltr'>Anselmus</span> <span class='ocrx_word' id='word_1_160' title='bbox 792 2305 988 2388; x_wconf 89' lang='lat' dir='ltr'>Bandurius‚</span> <span class='ocrx_word' id='word_1_161' title='bbox 1007 2307 1122 2371; x_wconf 87' lang='lat' dir='ltr'>Fortia</span> 
     </span>
     <span class='ocr_line' id='line_1_25' title="bbox 103 2389 1122 2473; baseline 0.001 -17"><span class='ocrx_word' id='word_1_162' title='bbox 103 2389 248 2456; x_wconf 86' lang='lat' dir='ltr'>d’Urban</span> <span class='ocrx_word' id='word_1_163' title='bbox 273 2391 309 2454; x_wconf 95' lang='lat' dir='ltr'>in</span> <span class='ocrx_word' id='word_1_164' title='bbox 335 2390 420 2454; x_wconf 91' lang='lat' dir='ltr'>libro</span> <span class='ocrx_word' id='word_1_165' title='bbox 449 2391 504 2473; x_wconf 90' lang='lat' dir='ltr'>qui</span> <span class='ocrx_word' id='word_1_166' title='bbox 531 2391 735 2456; x_wconf 87' lang='lat' dir='ltr'>inscribitur:</span> <span class='ocrx_word' id='word_1_167' title='bbox 767 2393 917 2456; x_wconf 72' lang='lat' dir='ltr'>‘Recueil</span> <span class='ocrx_word' id='word_1_168' title='bbox 945 2393 1000 2456; x_wconf 90' lang='lat' dir='ltr'>des</span> <span class='ocrx_word' id='word_1_169' title='bbox 1028 2394 1122 2457; x_wconf 76' lang='lat' dir='ltr'>itine-</span> 
     </span>
     <span class='ocr_line' id='line_1_26' title="bbox 104 2477 1122 2567; baseline 0.004 -26"><span class='ocrx_word' id='word_1_170' title='bbox 104 2477 233 2562; x_wconf 85' lang='lat' dir='ltr'>raires’‚</span> <span class='ocrx_word' id='word_1_171' title='bbox 259 2477 459 2562; x_wconf 85' lang='lat' dir='ltr'>Theophilus</span> <span class='ocrx_word' id='word_1_172' title='bbox 482 2477 590 2564; x_wconf 83' lang='lat' dir='ltr'>Tafel‚</span> <span class='ocrx_word' id='word_1_173' title='bbox 612 2479 724 2565; x_wconf 82' lang='lat' dir='ltr'>Migne</span> <span class='ocrx_word' id='word_1_174' title='bbox 746 2479 783 2543; x_wconf 97' lang='lat' dir='ltr'>in</span> <span class='ocrx_word' id='word_1_175' title='bbox 804 2480 1008 2566; x_wconf 81' lang='lat' dir='ltr'>patrologiae</span> <span class='ocrx_word' id='word_1_176' title='bbox 1033 2502 1122 2567; x_wconf 86' lang='lat' dir='ltr'>grae-</span> 
     </span>
     <span class='ocr_line' id='line_1_27' title="bbox 104 2564 1121 2654; baseline 0.004 -24"><span class='ocrx_word' id='word_1_177' title='bbox 104 2588 159 2631; x_wconf 91' lang='lat' dir='ltr'>cae</span> <span class='ocrx_word' id='word_1_178' title='bbox 187 2569 278 2631; x_wconf 90' lang='lat' dir='ltr'>tomo</span> <span class='ocrx_word' id='word_1_179' title='bbox 298 2564 408 2632; x_wconf 79' lang='lat' dir='ltr'>CXIII</span> <span class='ocrx_word' id='word_1_180' title='bbox 435 2569 655 2653; x_wconf 88' lang='lat' dir='ltr'>protulerunt,</span> <span class='ocrx_word' id='word_1_181' title='bbox 687 2568 782 2634; x_wconf 86' lang='lat' dir='ltr'>facile</span> <span class='ocrx_word' id='word_1_182' title='bbox 814 2569 1121 2654; x_wconf 89' lang='lat' dir='ltr'>praetermittemus.</span> 
     </span>
    </p>

    <p class='ocr_par' dir='ltr' id='par_1_5' title="bbox 103 2653 1123 2991">
     <span class='ocr_line' id='line_1_28' title="bbox 192 2653 1123 2745; baseline 0.005 -26"><span class='ocrx_word' id='word_1_183' title='bbox 192 2653 414 2722; x_wconf 81' lang='lat' dir='ltr'>Novissimam</span> <span class='ocrx_word' id='word_1_184' title='bbox 438 2655 613 2724; x_wconf 90' lang='lat' dir='ltr'>editionem</span> <span class='ocrx_word' id='word_1_185' title='bbox 633 2657 777 2724; x_wconf 86' lang='lat' dir='ltr'>Gustavo</span> <span class='ocrx_word' id='word_1_186' title='bbox 796 2657 940 2743; x_wconf 89' lang='lat' dir='ltr'>Parthey</span> <span class='ocrx_word' id='word_1_187' title='bbox 958 2659 1123 2745; x_wconf 84' lang='lat' dir='ltr'>debemus,</span> 
     </span>
     <span class='ocr_line' id='line_1_29' title="bbox 104 2743 1122 2828; baseline 0.006 -20"><span class='ocrx_word' id='word_1_188' title='bbox 104 2743 160 2827; x_wconf 93' lang='lat' dir='ltr'>qui</span> <span class='ocrx_word' id='word_1_189' title='bbox 182 2744 307 2828; x_wconf 86' lang='lat' dir='ltr'>primus</span> <span class='ocrx_word' id='word_1_190' title='bbox 331 2744 456 2810; x_wconf 88' lang='lat' dir='ltr'>codices</span> <span class='ocrx_word' id='word_1_191' title='bbox 485 2745 717 2812; x_wconf 83' lang='lat' dir='ltr'>Taurinensem</span> <span class='ocrx_word' id='word_1_192' title='bbox 746 2752 780 2812; x_wconf 89' lang='lat' dir='ltr'>et</span> <span class='ocrx_word' id='word_1_193' title='bbox 807 2747 1052 2814; x_wconf 85' lang='lat' dir='ltr'>Bruxellensem</span> <span class='ocrx_word' id='word_1_194' title='bbox 1076 2753 1122 2814; x_wconf 86' lang='lat' dir='ltr'>at</span> 
     </span>
     <span class='ocr_line' id='line_1_30' title="bbox 103 2831 1122 2922; baseline 0.005 -25"><span class='ocrx_word' id='word_1_195' title='bbox 103 2855 166 2916; x_wconf 89' lang='lat' dir='ltr'>que</span> <span class='ocrx_word' id='word_1_196' title='bbox 180 2831 407 2898; x_wconf 85' lang='lat' dir='ltr'>Barberiniani</span> <span class='ocrx_word' id='word_1_197' title='bbox 422 2834 541 2900; x_wconf 91' lang='lat' dir='ltr'>codicis</span> <span class='ocrx_word' id='word_1_198' title='bbox 557 2834 778 2922; x_wconf 84' lang='lat' dir='ltr'>fragmentum</span> <span class='ocrx_word' id='word_1_199' title='bbox 792 2836 951 2901; x_wconf 84' lang='lat' dir='ltr'>adhibuit.</span> <span class='ocrx_word' id='word_1_200' title='bbox 978 2836 1122 2922; x_wconf 87' lang='lat' dir='ltr'>Parthey</span> 
     </span>
     <span class='ocr_line' id='line_1_31' title="bbox 103 2922 1123 2991; baseline 0.004 -4"><span class='ocrx_word' id='word_1_201' title='bbox 103 2922 243 2988; x_wconf 89' lang='lat' dir='ltr'>eumad</span> <span class='ocrx_word' id='word_1_202' title='bbox 271 2922 499 2988; x_wconf 86' lang='lat' dir='ltr'>constituenda</span> <span class='ocrx_word' id='word_1_203' title='bbox 521 2923 684 2990; x_wconf 89' lang='lat' dir='ltr'>Hieroclis</span> <span class='ocrx_word' id='word_1_204' title='bbox 712 2926 811 2991; x_wconf 86' lang='lat' dir='ltr'>verba</span> <span class='ocrx_word' id='word_1_205' title='bbox 834 2924 1043 2990; x_wconf 88' lang='lat' dir='ltr'>Taurinensis</span> <span class='ocrx_word' id='word_1_206' title='bbox 1072 2949 1123 2991; x_wconf 90' lang='lat' dir='ltr'>co-</span> 
     </span>
    </p>
   </div>
   <div class='ocr_carea' id='block_1_3' title="bbox 103 3009 1226 3100">
    <p class='ocr_par' dir='ltr' id='par_1_6' title="bbox 103 3009 1226 3100">
     <span class='ocr_line' id='line_1_32' title="bbox 103 3009 1226 3100; baseline 0.002 -24"><span class='ocrx_word' id='word_1_207' title='bbox 103 3009 184 3076; x_wconf 89' lang='lat' dir='ltr'>dicis</span> <span class='ocrx_word' id='word_1_208' title='bbox 212 3011 309 3078; x_wconf 90' lang='lat' dir='ltr'>modo</span> <span class='ocrx_word' id='word_1_209' title='bbox 337 3011 537 3099; x_wconf 85' lang='lat' dir='ltr'>exemplum,</span> <span class='ocrx_word' id='word_1_210' title='bbox 566 3013 663 3078; x_wconf 91' lang='lat' dir='ltr'>modo</span> <span class='ocrx_word' id='word_1_211' title='bbox 691 3013 918 3080; x_wconf 89' lang='lat' dir='ltr'>Barberiniani</span> <span class='ocrx_word' id='word_1_212' title='bbox 945 3014 1123 3100; x_wconf 88' lang='lat' dir='ltr'>fragmenti</span> <span class='ocrx_word' id='word_1_213' title='bbox 1220 3045 1226 3062; x_wconf 92' lang='lat'><strong>·</strong></span> 
     </span>
    </p>
   </div>
   <div class='ocr_carea' id='block_1_4' title="bbox 102 3099 1125 3621">
    <p class='ocr_par' dir='ltr' id='par_1_7' title="bbox 102 3099 1125 3621">
     <span class='ocr_line' id='line_1_33' title="bbox 102 3099 1122 3187; baseline 0.005 -24"><span class='ocrx_word' id='word_1_214' title='bbox 102 3099 270 3183; x_wconf 83' lang='lat' dir='ltr'>lectiones,</span> <span class='ocrx_word' id='word_1_215' title='bbox 288 3122 369 3183; x_wconf 88' lang='lat' dir='ltr'>quas</span> <span class='ocrx_word' id='word_1_216' title='bbox 387 3099 510 3166; x_wconf 89' lang='lat' dir='ltr'>nullius</span> <span class='ocrx_word' id='word_1_217' title='bbox 530 3101 688 3168; x_wconf 88' lang='lat' dir='ltr'>momenti</span> <span class='ocrx_word' id='word_1_218' title='bbox 706 3124 777 3167; x_wconf 87' lang='lat' dir='ltr'>esse</span> <span class='ocrx_word' id='word_1_219' title='bbox 794 3103 861 3167; x_wconf 90' lang='lat' dir='ltr'>iam</span> <span class='ocrx_word' id='word_1_220' title='bbox 883 3103 1122 3187; x_wconf 87' lang='lat' dir='ltr'>demonstrabo,</span> 
     </span>
     <span class='ocr_line' id='line_1_34' title="bbox 103 3187 1123 3276; baseline 0.004 -24"><span class='ocrx_word' id='word_1_221' title='bbox 103 3187 201 3253; x_wconf 94' lang='lat' dir='ltr'>modo</span> <span class='ocrx_word' id='word_1_222' title='bbox 228 3187 394 3254; x_wconf 89' lang='lat' dir='ltr'>Holstenii</span> <span class='ocrx_word' id='word_1_223' title='bbox 416 3187 691 3276; x_wconf 82' lang='lat' dir='ltr'>Wesselingiique</span> <span class='ocrx_word' id='word_1_224' title='bbox 720 3191 961 3257; x_wconf 83' lang='lat' dir='ltr'>emendationes</span> <span class='ocrx_word' id='word_1_225' title='bbox 992 3198 1123 3258; x_wconf 88' lang='lat' dir='ltr'>secutus</span> 
     </span>
     <span class='ocr_line' id='line_1_35' title="bbox 103 3276 1125 3365; baseline 0.005 -25"><span class='ocrx_word' id='word_1_226' title='bbox 103 3280 200 3361; x_wconf 83' lang='lat' dir='ltr'>esset,</span> <span class='ocrx_word' id='word_1_227' title='bbox 222 3276 310 3342; x_wconf 89' lang='lat' dir='ltr'>haud</span> <span class='ocrx_word' id='word_1_228' title='bbox 332 3277 443 3364; x_wconf 82' lang='lat' dir='ltr'>magni</span> <span class='ocrx_word' id='word_1_229' title='bbox 467 3279 706 3345; x_wconf 87' lang='lat' dir='ltr'>aestimandum</span> <span class='ocrx_word' id='word_1_230' title='bbox 729 3301 800 3346; x_wconf 87' lang='lat' dir='ltr'>esse</span> <span class='ocrx_word' id='word_1_231' title='bbox 818 3301 915 3363; x_wconf 91' lang='lat' dir='ltr'>quem</span> <span class='ocrx_word' id='word_1_232' title='bbox 938 3280 1027 3345; x_wconf 90' lang='lat' dir='ltr'>dedit</span> <span class='ocrx_word' id='word_1_233' title='bbox 1051 3303 1125 3365; x_wconf 86' lang='lat' dir='ltr'>syn-</span> 
     </span>
     <span class='ocr_line' id='line_1_36' title="bbox 104 3363 1124 3454; baseline 0.008 -27"><span class='ocrx_word' id='word_1_234' title='bbox 104 3363 226 3428; x_wconf 85' lang='lat' dir='ltr'>ecdemi</span> <span class='ocrx_word' id='word_1_235' title='bbox 241 3368 429 3430; x_wconf 87' lang='lat' dir='ltr'>contextum</span> <span class='ocrx_word' id='word_1_236' title='bbox 447 3367 655 3451; x_wconf 88' lang='lat' dir='ltr'>perspicuum</span> <span class='ocrx_word' id='word_1_237' title='bbox 675 3373 733 3434; x_wconf 89' lang='lat' dir='ltr'>est.</span> <span class='ocrx_word' id='word_1_238' title='bbox 771 3368 893 3433; x_wconf 86' lang='lat' dir='ltr'>Tamen</span> <span class='ocrx_word' id='word_1_239' title='bbox 911 3369 946 3432; x_wconf 89' lang='lat' dir='ltr'>in</span> <span class='ocrx_word' id='word_1_240' title='bbox 964 3374 1124 3454; x_wconf 87' lang='lat' dir='ltr'>apparatu</span> 
     </span>
     <span class='ocr_line' id='line_1_37' title="bbox 105 3451 1124 3541; baseline 0.005 -25"><span class='ocrx_word' id='word_1_241' title='bbox 105 3451 219 3517; x_wconf 91' lang='lat' dir='ltr'>critico</span> <span class='ocrx_word' id='word_1_242' title='bbox 243 3473 356 3518; x_wconf 91' lang='lat' dir='ltr'>eorum</span> <span class='ocrx_word' id='word_1_243' title='bbox 380 3476 460 3538; x_wconf 88' lang='lat' dir='ltr'>quos</span> <span class='ocrx_word' id='word_1_244' title='bbox 483 3455 608 3540; x_wconf 89' lang='lat' dir='ltr'>primus</span> <span class='ocrx_word' id='word_1_245' title='bbox 628 3456 777 3522; x_wconf 90' lang='lat' dir='ltr'>adhibuit</span> <span class='ocrx_word' id='word_1_246' title='bbox 801 3457 947 3522; x_wconf 91' lang='lat' dir='ltr'>codicum</span> <span class='ocrx_word' id='word_1_247' title='bbox 965 3458 1124 3541; x_wconf 92' lang='lat' dir='ltr'>priorum·</span> 
     </span>
     <span class='ocr_line' id='line_1_38' title="bbox 105 3539 753 3621; baseline 0.014 -20"><span class='ocrx_word' id='word_1_248' title='bbox 105 3559 168 3621; x_wconf 90' lang='lat' dir='ltr'>que</span> <span class='ocrx_word' id='word_1_249' title='bbox 192 3539 372 3608; x_wconf 90' lang='lat' dir='ltr'>editionum</span> <span class='ocrx_word' id='word_1_250' title='bbox 396 3543 565 3610; x_wconf 83' lang='lat' dir='ltr'>adnotavit</span> <span class='ocrx_word' id='word_1_251' title='bbox 587 3545 753 3610; x_wconf 86' lang='lat' dir='ltr'>lectiones.</span> 
     </span>
    </p>
   </div>
   <div class='ocr_carea' id='block_1_5' title="bbox 0 0 1339 3892">
    <p class='ocr_par' dir='ltr' id='par_1_8' title="bbox 0 0 1339 3892">
     <span class='ocr_line' id='line_1_39' title="bbox 0 0 1339 3892; baseline 0 0"><span class='ocrx_word' id='word_1_252' title='bbox 0 0 1339 3892; x_wconf 95' lang='lat' dir='ltr'> </span> 
     </span>
    </p>
   </div>
  </div>
 </body>
</html>
