2656 3892
204 199 268 250 XIV
609 191 819 247 PRAEFATIO.

293 357 393 421 Liber
417 355 495 421 olim
517 354 694 440 inscriptus
717 354 818 420 fuisse
841 354 981 419 videtur:
1010 351 1225 440 “recoctam

204 443 430 530 evveuccpog’,
453 465 535 528 quae
559 445 658 510 verba
685 443 870 510 etiamnunc
898 443 1053 530 legrmtur
1077 443 1113 508 in
1136 445 1224 510 codi-

204 537 296 602 cibus
319 533 511 598 Taurinensi
530 553 567 598 ac
584 532 772 599 Famesino.
813 532 853 596 ln
870 532 1004 616 reliquis
1027 554 1104 598 vero
1126 532 1223 599 libris

205 623 337 689 omnino
365 622 536 707 inscriptio
564 622 744 708 omittitur:
771 621 932 706 incipiunt
958 621 1080 687 verbis:
1109 620 1224 689 ‘Eleia

203 714 242 777 al
250 721 359 814 Ικόαξαι
378 709 576 813 ἐπαρχίαιικ.
591 734 618 776 τ.
633 711 673 813 λ’
710 709 804 813 Unde
823 710 1014 776 concludere
1033 711 1120 795 licet,
1138 713 1224 777 anti-

202 800 1223 974 uiua::leuuca:alleluiu

203 977 477 1062 scriptionemque
494 977 644 1042 defuisse.
685 974 780 1042 Certe
803 977 838 1041 in
861 978 1051 1064 apographo
1071 975 1224 1043 Barbeti-

201 1067 300 1131 niano
310 1067 543 1131 commentatio
552 1065 755 1132 inscribitur:
770 1063 982 1152 εἹεροκλέους
990 1076 1223 1153 γραμματικοῦ

202 1154 433 1241 συνέκδημος’;
465 1177 577 1221 verum
607 1156 688 1221 haec
721 1155 818 1221 verba
843 1177 911 1220 non
938 1155 1092 1242 genuina,
1122 1155 1222 1220 sede

202 1245 388 1310 coniectura
411 1267 431 1309 a
454 1245 524 1309 viro
548 1245 645 1311 docto
673 1244 784 1310 addita
810 1249 901 1331 sunt,
930 1245 986 1330 qui
1009 1241 1221 1310 Constantini

199 1334 407 1419 imperatoris
426 1332 731 1419 porphyrogenneti
748 1334 849 1398 verba
870 1333 1023 1420 respexit,
1044 1332 1122 1398 libri
1141 1333 1222 1398 alte

201 1423 269 1487 rius
292 1422 331 1486 de
355 1421 556 1486 thematibus
578 1421 674 1487 initio
697 1421 746 1486 ita
764 1421 951 1487 scribentis:
975 1422 1166 1509 ‘Maerebat
1181 1420 1221 1488 ct
1316 1475 1317 1480 1

200 1519 246 1598 τῷ
274 1512 362 1597 λόγῳ
389 1507 445 1574 καὶ
469 1507 632 1595 Ἱεροκλῆς
659 1509 676 1575 ὁ
704 1512 929 1595 γραμματικὸς
956 1510 974 1577 ὁ
1001 1511 1132 1598 γράψας
1158 1512 1220 1576 τὸν
1316 1537 1317 1560 1

200 1596 410 1683 σονέκὸημον
428 1647 546 1665 ......
566 1596 672 1682 λέγων
689 1598 814 1675 οὕτως·
837 1597 923 1664 εἰσὶν
945 1601 983 1664 αἱ
998 1609 1100 1666 πᾶσαι
1119 1599 1219 1687 ἐκαρ-
1316 1589 1317 1608 ’

199 1689 268 1772 χίαι
286 1711 314 1752 κ.
333 1710 359 1753 τ.
381 1685 422 1752 λ’
450 1684 493 1776 (v.
507 1709 539 1772 p.
553 1685 625 1775 IX).
670 1687 805 1754 Praeter
828 1685 1080 1754 Constantinum
1106 1689 1219 1754 nullus

200 1781 371 1842 auctorum
393 1776 555 1843 Hieroclis
579 1777 741 1863 meminit,
766 1777 815 1842 ita
837 1781 874 1842 ut
897 1778 936 1842 de
959 1778 1028 1843 vita
1051 1777 1218 1862 operibus-

201 1888 262 1951 que
273 1865 341 1931 eius
353 1888 487 1950 prorsus
497 1865 581 1930 nihil
595 1866 735 1931 sciamus
744 1865 809 1930 nisi
824 1866 911 1950 quod
921 1865 1219 1954 sagaciterWesse-

198 1955 321 2040 lingius
334 1955 402 2019 iam
415 1954 577 2039 probavit,
590 1954 773 2019 Iustiniano
782 1954 964 2039 imperante
978 1955 1126 2022 floruisse
1140 1955 1220 2022 Hie-
1311 1982 1316 2024 l

197 2044 319 2107 roclem
333 2043 624 2128 synecdemumquc
639 2042 809 2128 scripsisse
824 2048 898 2108 aute
916 2066 1037 2109 annum
1050 2049 1125 2130 post
1140 2041 1220 2110 Chr.

200 2153 231 2195 n·
249 2129 458 2286 plalnxldro
481 2221 523 2287 ad
544 2218 706 2286 Hieroclis
733 2220 837 2286 libros
864 2222 1105 2307 manuscriptos
1128 2227 1218 2288 recte

199 2308 417 2375 aestimandos
445 2311 509 2375 duo
536 2309 746 2396 potissimum
774 2310 926 2377 codicum¹
953 2332 1072 2397 genera
1103 2310 1219 2376 distin·
1314 2339 1315 2346 α

198 2399 326 2484 guenda
339 2399 435 2465 nobis
450 2403 536 2487 sunt,
545 2399 693 2466 'alterum
706 2399 881 2487 integrum,
900 2401 1038 2465 alterum
1052 2399 1218 2465 mutilum.

197 2485 321 2553 Prioris
345 2489 473 2574 generis
497 2494 574 2555 sunt
597 2493 754 2573 quattuor
775 2488 865 2554 libri:
893 2487 1116 2575 Taurinensis‚
1137 2487 1218 2554 Far-

197 2575 342 2661 nesinus‚
370 2576 604 2661 Bruxellensis,
630 2575 813 2662 Leidensis,
841 2577 896 2661 qui
921 2578 1031 2643 omnia
1052 2577 1218 2643 Hieroclis

197 2663 297 2728 v‘erba
319 2686 340 2727 a
361 2687 390 2729 v.
405 2665 478 2731 631.
502 2666 539 2730 3:
568 2663 679 2730 Ἕίσὶν
702 2666 740 2729 αἱ
763 2674 867 2730 πᾶσαι
895 2663 1047 2752 ἐκαρχίαι
1069 2689 1098 2732 κ
1122 2688 1149 2731 τ.
1173 2667 1216 2732 λ.’

197 2772 299 2836 usque
323 2753 364 2817 ad
383 2775 412 2818 v.
430 2755 502 2819 734.
525 2755 560 2817 4:
584 2750 821 2844 εἈμμιοαιακή’
846 2753 1009 2820 exhibent.
1050 2754 1219 2820 Differunt

197 2861 273 2905 vero
305 2839 352 2905 eis
383 2842 492 2908 verbis
525 2864 607 2927 quae
638 2843 674 2908 in
705 2842 769 2908 fine
802 2843 954 2908 adiciunt.
1004 2842 1219 2909 Taurinensis

197 2926 284 2993 enim
315 2934 350 2994 et
382 2929 576 2996 Famesinus
616 2931 802 3017 appendicis
837 2931 907 2998 vice
938 2954 967 2997 v.
993 2933 1065 2999 734.
1095 2933 1218 2998 6-16

96 3039 105 3059 ·
197 3016 447 3084 occidentalium
464 3019 705 3104 provinciarum
729 3022 860 3086 brevem
879 3021 1059 3087 indiculum
1082 3021 1219 3110 addunt,

197 3128 293 3190 quem
325 3107 484 3174 omittunt
514 3107 735 3175 Bmxellensis
767 3114 801 3175 et
833 3109 1018 3196 Leidensis,
1049 3110 1105 3195 qui
1136 3131 1218 3176 vero

66 3241 68 3245 -
195 3217 224 3260 v.
240 3197 313 3262 734.
337 3195 358 3262 5
380 3196 461 3263 hacc
487 3197 622 3263 habent:
653 3196 769 3275 “Τέλος
795 3208 856 3264 τοῦ
885 3202 1070 3282 καταλόγου
1096 3209 1219 3264 πασῶν

196 3295 263 3351 τῶν
286 3283 452 3372 ἐπαρχιῶν
475 3284 530 3352 καὶ
552 3290 682 3354 πόλεων
705 3299 772 3354 τῶν
794 3287 860 3354 ὑπὸ
882 3297 943 3354 τοῦ
961 3286 1121 3372 βασιλέως
1144 3298 1218 3352 τῶν

192 3371 361 3460 Ῥωμαίων
384 3383 445 3441 τοῦ
468 3374 505 3440 ἐν
527 3379 882 3443 Κωασταντιαουπόλει
906 3375 1168 3462 ὃιοικουμέαωνῖ

285 3463 334 3530 De
371 3469 517 3550 tempore
555 3485 620 3548 quo
658 3465 843 3549 conscripta
879 3466 923 3529 sit
958 3464 1016 3528 illa
1052 3464 1217 3551 appendix

195 3575 278 3643 quae
301 3557 408 3620 exstat
430 3553 466 3617 in
488 3552 654 3618 codicibus
673 3552 700 3617 T
719 3574 757 3617 ac
779 3552 918 3638 1⁴¹‚haec
942 3552 1113 3617 coniciam:
1138 3574 1217 3618 cum
