2656 3892
198 214 303 264 XXXII
601 213 811 265 PRAEFATIO.

197 396 324 458 semper
345 373 412 438 fere
431 372 593 438 Hieroclis
613 373 759 438 ordinem
778 372 934 458 sequitur,
956 374 1046 440 velut
1065 374 1103 438 de
1122 397 1219 459 prae·

196 462 262 528 fect
248 462 331 528 turis
354 461 505 545 Europae
529 459 568 549 (I.
591 483 665 549 pag.
684 461 736 527 47.
762 458 900 548 1-17),
922 398 1144 528 Macedoniaep
1156 460 1217 549 (II.

196 573 269 637 pag.
275 552 328 616 49.
338 550 475 615 15—50.
486 546 532 637 8),
545 548 900 639 Thessalonices(IVp
878 572 952 637 pag.
958 551 1011 616 50.
1022 551 1163 617 22-51.
1172 550 1219 640 1),

199 635 1218 792 6111111181]1111511749),Ρ1111111111111(1ῙΙΡ1352.

198 724 1218 815 8-11),111111111111111154.111-1711111111

199 815 268 902 (IX.
287 838 361 902 pag.
376 815 429 882 56.
445 813 607 902 1-10)1
588 838 698 968 181111.
739 816 864 882 Verum
882 838 949 881 non
968 816 1088 902 ubique
1103 839 1218 902 presse

197 905 345 990 sequitur
362 904 556 986 Hieroclem.
630 906 705 971 rbes
724 905 810 970 enim
830 926 1060 990 saepenumero
1079 905 1130 971 vel
1150 911 1219 971 tur-

197 995 275 1059 bato
304 994 415 1059 ordine
445 998 676 1059 enumerantur
705 995 757 1059 vel
790 994 926 1059 duarum
952 994 1114 1059 Hieroclis
1142 1017 1219 1080 pro-

197 1082 377 1149 vinciarum
400 1084 496 1149 urbes
515 1083 550 1147 in
572 1106 638 1148 una
661 1083 836 1168 eademque
858 1083 1026 1168 provincia
1045 1080 1218 1170 (ἐπαρχία)

198 1170 470 1238 Constantiniana
493 1172 684 1239 coniunctae
708 1196 745 1239 11
768 1172 889 1237 mixtae
912 1172 1129 1236 inveniuntur.

286 1261 401 1348 Longe
428 1262 523 1328 aliter
550 1285 601 1327 111
628 1262 665 1327 in
694 1261 801 1346 primo
830 1258 1038 1326 Constantini
1065 1260 1151 1325 libro
1180 1283 1217 1326 se

197 1351 305 1417 habet.
351 1350 403 1415 Ibi
434 1351 521 1415 enim
548 1349 709 1415 Hieroclis
739 1349 870 1414 omnino
898 1348 989 1414 nulla
1015 1349 1054 1414 fit
1082 1349 1218 1414 mentio.

198 1439 321 1504 Verum
345 1442 378 1503 11
400 1439 498 1522 primi
525 1438 602 1501 libri
628 1438 751 1502 indices
778 1437 927 1502 nonnulli
951 1438 1114 1522 desumpti
1138 1443 1219 1504 sunt

197 1550 237 1592 ex
260 1526 425 1611 Hierocle,
453 1525 542 1590 velut
565 1525 769 1610 praefectura
791 1525 966 1592 Armeniae
991 1524 1047 1614 (II.
1070 1547 1143 1612 pag.
1164 1528 1218 1593 20.

200 1615 340 1680 19-21.
365 1611 417 1701 7),
438 1613 716 1679 Bucoellariorum
740 1612 810 1701 (VI.
834 1636 907 1701 pag.
928 1617 979 1681 28.
1004 1615 1145 1680 21-29,
1169 1614 1219 1700 2),

198 1703 323 1789 Paphla
348 1703 442 1768 oniae
456 1701 544 1790 (VII.
563 1725 637 1790 pag.
653 1705 704 1769 30.
724 1702 835 1788 3—6),
854 1702 953 1790 Cypri
968 1703 1054 1790 (XV.
1072 1724 1146 1789 pag.
1163 1705 1218 1768 39.

200 1724 356 1880 12-165.
399 1790 462 1858 Sed
485 1797 518 1858 et
542 1792 597 1858 alii
617 1798 746 1858 exstant
764 1793 894 1857 urbium
916 1792 1049 1878 indices,
1072 1813 1154 1877 quos
1174 1793 1218 1857 ab

198 1882 361 1948 Hieroclis
386 1903 482 1967 opere
505 1903 639 1966 prorsus
663 1881 786 1946 alienos
810 1903 880 1946 1111
905 1903 1027 1946 censeo.
1070 1879 1218 1957 Quorum

198 1973 234 2036 in
260 1991 396 2035 numero
425 1974 476 2035 est
502 1969 647 2034 recensio
675 1969 806 2034 urbium
834 1970 895 2034 sub
923 1970 1088 2055 praefecto
1116 1969 1219 2036 Thra-

199 2058 514 2144 cesiorumpraefect
514 2079 592 2122 urae
603 2059 724 2122 constit
710 2055 936 2145 1111111111(ΙΙΙ
941 2080 1014 2145 pag.
1021 2059 1072 2124 24.
1081 2057 1217 2146 5-12).

199 2146 251 2213 1111
275 2147 361 2211 enim
384 2150 531 2212 veterum
548 2146 790 2231 provinciarum
809 2147 919 2233 Asiae,
941 2146 1073 2232 Lydiae,
1093 2144 1218 2232 Cariae,

197 2235 360 2323 Phrygiae
383 2233 494 2301 Paeat
470 2240 578 2301 tianae
600 2236 697 2301 urbes
720 2258 805 2302 novo
830 2236 962 2302 omnino
987 2201 1218 2301 enumerantui

199 2325 325 2412 ordine,
353 2324 409 2410 qui
436 2324 484 2390 nil
512 2347 682 2392 commune
704 2327 805 2391 habet
791 2331 909 2391 tcum
932 2325 1112 2390 Hierocleis
1135 2324 1218 2390 indi-

199 2416 301 2501 cibus,
323 2415 371 2480 ita
390 2420 427 2480 ut
445 2415 531 2482 hunc
554 2415 686 2481 urbium
703 2415 843 2481 indicem
863 2435 901 2480 11
920 2415 1050 2478 demum
1056 2418 1217 2516 tempore

199 2468 416 2571 constitutum
443 2526 514 2570 esse
542 2504 698 2589 conicias,
725 2526 790 2589 quo
820 2507 945 2570 veteres
972 2502 1157 2587 provinciae
1181 2503 1219 2568 in

198 2593 476 2677 praefecturarum
495 2593 635 2657 formam
654 2592 764 2657 redact
750 2597 802 2656 tae
822 2596 908 2657 sunt.
954 2590 1044 2656 Idem
1067 2591 1154 2656 valet
1178 2592 1218 2657 de

200 2679 355 2762 Obsequii
369 2679 505 2744 urbrbus
516 2677 587 2765 (IV
601 2701 675 2766 pag.
692 2681 742 2745 26
759 2681 824 2744 3
828 2676 869 2766 7).
903 2679 1017 2764 Neque
1037 2680 1192 2745 urbium
1182 2703 1219 2744 m

199 2766 265 2852 Opt
251 2767 405 2832 timatum
423 2767 629 2854 praefectura
643 2768 877 2833 recensitarum
890 2769 986 2833 index
1008 2791 1046 2832 ex
1065 2768 1219 2835 Hierocle

199 2856 338 2942 pendere
353 2855 441 2920 videt
426 2859 493 2920 t·ur
486 2855 656 2941 ,quinque
670 2855 757 2920 enim
770 2857 867 2921 urbes
884 2861 1123 2943 enumerantur,
1142 2878 1220 2941 qua-

199 2965 272 3010 rum
291 2944 399 3010 duae
390 2966 426 3009 m
443 2943 605 3010 Hieroclis
628 2943 739 3009 libello
764 2945 987 3011 desiderantur
1006 2942 1060 3048 (V.
1075 2967 1150 3032 pag
1165 2948 1216 3012 27.

200 3029 312 3120 5-1).
358 3032 399 3097 ln
422 3030 586 3099 Seleuciae
614 3033 819 3118 praefectura
842 3031 1003 3099 Constant
989 3039 1078 3099 tmus
1106 3035 1218 3100 decem

199 3126 368 3187 enumerat
354 3121 487 3187 turbes
509 3123 761 3188 mediterraneas
780 3121 849 3210 (τὰ
872 3119 909 3188 δὲ
932 3125 1001 3189 dvo
1021 3127 1219 3202 Σελευκείας

199 3208 255 3276 καὶ
272 3212 432 3295 μεσόγαια
449 3216 594 3277 καλεῖται
610 3210 808 3290 Δεκααολις’
822 3211 913 3278 ΧΠΙ.
926 3233 1001 3299 pag.
1012 3213 1143 3278 366-
1105 3210 1218 3300 -11);

200 3300 464 3385 Δομετιούπολις
479 3305 513 3365 11
528 3300 736 3385 Ζηνούπολις
753 3299 808 3368 hie
826 3301 1004 3366 recensitae
1023 3322 1090 3365 non
1109 3322 1219 3366 occur·

200 3394 278 3454 runt
309 3388 345 3453 in
376 3387 538 3455 Hieroclis
577 3388 742 3474 opusculo.
793 3389 1009 3456 Inveniuntur
1041 3394 1151 3455 tamen
1182 3389 1217 3453 in

200 3477 319 3543 notitia
341 3475 460 3562 prima,
488 3477 580 3542 cuius
609 3476 712 3542 altera
735 3499 811 3561 pars
839 3477 967 3542 civilem
990 3477 1218 3557 describitur·

202 3567 307 3633 dinem
323 3561 395 3654 (cfr.
414 3565 552 3630 notitiae
570 3565 694 3652 primae
713 3564 904 3630 1111111847
926 3561 1061 3649 11852).
1095 3564 1216 3630 Decem

668 3797 807 3860 A
