2656 3892
541 194 753 246 PRAEFATIO.

2 393 24 420 a.
141 381 171 422 r.
192 357 264 423 710.
289 358 324 422 5:
347 357 468 441 μολώη.
782 353 911 438 palato.

2 460 23 520 >si
141 469 170 510 v.
192 446 266 511 713.
290 445 324 509 3;
348 445 473 529 δολίχη.
783 442 928 525 δολίσχη.

140 557 169 600 v.
190 534 264 600 714.
287 534 321 598 5:
345 532 473 617 βᾶτναι.
785 530 920 613 detracto.

231 675 354 741 Versus
377 672 597 760 praetermisit
619 671 836 738 Berolinensis
861 671 981 738 codicis
1004 673 1157 738 librarius

141 765 197 850 qui
215 768 327 829 tamen
349 767 479 828 exstant
496 761 533 827 in
550 761 660 827 codice
676 760 788 827 0638.
800 762 840 827 11
852 797 895 809 -
906 762 1043 827 cundem
1064 760 1157 826 omit

142 857 219 920 tunt
232 854 260 918 T
273 853 300 918 F
316 850 341 917 0
356 851 382 915 P
395 850 429 915 H
438 888 480 899 —
496 851 613 917 61660.
632 852 662 914 4.
690 848 743 914 Ad
760 872 789 915 v.
809 849 884 916 647.
899 852 918 914 2
934 850 1057 916 addidit
1073 849 1158 952 glos-

1 961 12 1055 i
142 1000 244 1043 sema:
272 979 309 1042 τὸ
332 973 463 1063 worck
490 976 526 1039 in
548 978 703 1041 contextu
730 996 807 1040 vero
835 974 967 1059 scripsit
988 963 1157 1061 6616616ιᾶ.

141 1065 327 1134 Nonnullae
351 1065 433 1130 aliae
456 1064 590 1128 obstant
611 1061 688 1126 libri
707 1062 735 1125 B
757 1062 914 1129 lectiones
938 1084 1019 1146 quae
1043 1068 1076 1128 61
1096 1063 1159 1128 dis·

1 1147 9 1232 ,Ϊ
141 1159 275 1240 crepant
298 1176 372 1218 curn
391 1150 623 1216 Ottobonianis
646 1154 680 1214 61
703 1150 891 1234 conspirant
914 1172 989 1216 cum
1011 1151 1157 1236 reliquis:

2 1243 7 1324 j
142 1244 179 1307 hi
210 1263 287 1308 vero
326 1244 403 1305 sunt
433 1260 559 1304 versus:
586 1260 614 1302 v.
638 1237 714 1302 663.
745 1238 785 1301 12
818 1239 1034 1323 μανᾶακάνδα
1062 1236 1103 1321 0,
1129 1239 1158 1302 B

141 1353 218 1396 vero
242 1327 437 1414 6666666166
461 1331 558 1410 61666
581 1325 695 1391 itidem
718 1324 932 1392 Monacensis.

232 1442 259 1484 v.
280 1418 353 1484 669.
377 1418 398 1482 5
425 1413 653 1502 6661661660,
680 1415 830 1502 66616666
854 1416 882 1480 Β
910 1420 1007 1500 61666
1040 1415 1159 1480 Farno-

141 1509 232 1575 sinus
256 1511 289 1572 61
312 1504 542 1570 Bruxellensis.
969 1534 977 1548 .

230 1663 259 1704 v.
279 1639 353 1704 673.
377 1596 397 1746 ξ
425 1637 587 1721 repostos
613 1637 819 1722 6666666166
842 1635 883 1722 0,
910 1639 1095 1725 τίμανδροσ
1120 1638 1159 1725 B,

144 1772 337 1857 rdpavdpoo
358 1773 562 1856 μητρόπολισ
583 1768 799 1835 Monacensis.

233 1859 437 1943 Quamquam
463 1880 530 1924 non
556 1858 687 1944 ignoro,
718 1857 806 1922 haud
836 1859 929 1944 parui
962 1881 1032 1924 6666
1065 1860 1160 1925 aesti-

142 1949 260 2014 manda
283 1970 365 2032 quae
387 1950 484 2014 modo
509 1947 605 2013 attuli
628 1947 790 2032 exempla,
811 1951 922 2012 tamen
945 1969 1057 2013 eorum
1082 1970 1159 2032 quo-

142 2060 203 2122 666
226 2041 354 2123 partem
377 2037 502 2102 mendis
526 2059 543 2100 6
566 2034 774 2122 neglegentia
797 2036 917 2102 codicis
938 2037 1158 2102 Berolinensis

139 2126 266 2192 librarii
290 2126 371 2191 ortis
395 2125 636 2190 adnumeranda
654 2147 724 2190 6666
748 2146 863 2190 censeo
880 2126 1059 2211 -pariter
1077 2149 1158 2212 quae

141 2218 271 2280 exstant
284 2215 320 2279 in
333 2237 362 2279 v.
372 2215 446 2280 695.
460 2213 498 2279 4:
517 2212 583 2278 ὑπὸ
597 2212 742 2297 ἡγεμόνα
755 2234 815 2298 pro
834 2213 900 2278 ὑπὸ
918 2217 1159 2302 κορίκτορα-,

140 2309 269 2388 partem
292 2301 484 2367 emendandi
507 2300 616 2364 studio
640 2301 759 2365 tribuo.
805 2300 894 2379 Quae
919 2325 993 2367 cum
1015 2303 1064 2367 ita
1083 2303 1158 2386 sint,

140 2393 208 2456 iam
236 2389 436 2474 exscriptum
464 2409 535 2453 6666
563 2387 707 2454 codicem
734 2387 978 2455 Berolinensem
1003 2412 1021 2454 e
1049 2391 1158 2456 codice

142 2477 366 2544 Ottoboniano
390 2476 471 2541 satis
495 2476 734 2541 demonstrasse
758 2475 839 2540 mihi
861 2477 980 2542 videor.

232 2565 307 2631 Duo
329 2569 457 2631 restant
479 2563 606 2630 codices
630 2565 668 2630 de
697 2564 815 2650 quibus
837 2587 924 2631 nunc
948 2566 1029 2631 mihi
1052 2567 1159 2654 dispu-

141 2656 278 2723 tandum
310 2659 373 2741 est3
408 2658 485 2720 sunt
517 2653 642 2719 codices
677 2652 894 2720 Ooislinianus
928 2659 961 2720 61
991 2656 1159 2722 Parisinus

143 2745 246 2831 suppl.
280 2765 399 2830 graec,
435 2743 492 2827 qui
524 2743 672 2827 quamvis
703 2743 790 2809 inter
824 2765 858 2809 se
893 2743 1052 2810 simillimi
1084 2747 1159 2833 sint,

142 2839 253 2898 tamen
284 2837 399 2897 neuter
432 2853 471 2896 cx
502 2832 606 2896 altero
637 2833 765 2917 pendet.
810 2831 920 2917 Atque
951 2833 1035 2899 liber
1068 2833 1159 2900 Cois-

141 2921 282 2986 linianus
312 2920 501 3024 Monacensi
524 2925 558 2985 et
585 2918 812 3022 Ottoboniano
836 2921 1001 2988 codicibus
1029 2925 1159 3009 propin-

142 3032 247 3164 111
256 3009 1158 3186 1§.ruzlaert⁰.53r⁰.}¹r5.2⁵2..lnrts

143 3187 311 3272 exhibent3
339 3187 468 3272 saepius
500 3208 576 3252 vero
605 3208 679 3252 oum
711 3186 817 3252 tribus
846 3209 927 3271 quos
960 3189 1057 3253 modo
1092 3190 1159 3254 dixi

141 3276 236 3341 libris
249 3297 383 3363 prorsus
402 3276 577 3360 conspirat.
606 3274 716 3360 Atque
730 3275 872 3359 primum
886 3277 1034 3362 exempla
1048 3299 1159 3343 earum

143 3365 276 3430 afferam
298 3364 477 3430 lectionum
500 3385 580 3447 quas
604 3368 670 3428 tres
698 3363 747 3428 illi
774 3363 851 3428 libri
878 3365 1016 3450 habent,
1044 3366 1160 3430 discre-

141 3458 241 3606 66616
254 3452 382 3605 fcodiee
409 3452 558 3518 Parisino
588 3451 643 3537 qui
671 3474 745 3517 cum
771 3451 890 3536 prioris
919 3454 1046 3538 generis
1075 3453 1160 3518 codi-

143 3542 173 3607 ci
197 3564 235 3606 us
269 3542 346 3607 acit:
