2676 3896
183 145 225 210 66
453 147 593 198 VRBIVM
610 146 753 198 NOMINA
771 147 925 198 MVTATA.

548 407 761 510 Appendix
787 406 834 488 ΙΙ.

185 605 219 654 62
275 591 414 654 Πόλεων
438 587 597 672 ὀνόματα·
621 586 695 652 ὅσαι
718 597 786 652 τῶν
808 588 938 650 πόλεων
958 585 993 651 ἐν
1016 597 1086 663 τοῖς
1107 585 1206 652 ὑστέ-

274 718 345 778 ροις
367 695 501 778 χρόνοις
523 693 839 777 μετωνομάσθησαν.

186 869 219 919 66
263 849 460 936 Ἐπίδαμνος
482 853 520 917 τὸ
545 862 609 916 νῦν
632 851 836 936 Δυρράχιον.

186 975 221 1024 64
275 962 396 1022 Αίπεια
419 957 522 1040 ἡνῦν
545 958 698 1042 Κορώνη.

187 1080 221 1130 66
277 1065 426 1140 Πίδασος
453 1064 473 1147 ἡ
505 1072 571 1129 νῦν
597 1063 763 1147 Μεθώνη·
794 1057 928 1146 ἧστινος
947 1065 1100 1146 ,πλησίον
1133 1060 1205 1127 ἐστὶ

277 1172 479 1255 χερρόνησος
509 1169 623 1254 μικρά,
654 1169 726 1252 ητις
751 1170 789 1234 τὸ
816 1169 958 1233 παλαιὸν
985 1163 1047 1251 μὲν
1075 1165 1205 1250 ἐλέγετο

280 1274 389 1360 Πύλη,
412 1275 432 1357 ἡ
451 1283 511 1340 τοῦ
521 1273 700 1359 Ὁμηρικοῦ
713 1271 897 1358 Νέστορος·
920 1280 984 1338 νῦν
1003 1269 1041 1337 66
1059 1277 1208 1338 καλεῖται

275 1378 456 1464 Ἀβαρϊνος.

189 1504 222 1553 66
277 1488 442 1551 Ποτίδαια
465 1485 486 1567 ἡ
509 1495 573 1549 νῦν
595 1482 750 1568 Βέρροια.

189 1610 222 1659 67
277 1590 398 1657 Πύδνα
421 1593 458 1656 τὸ
481 1599 545 1656 νῦν
569 1589 699 1674 Κιτρός.

190 1713 224 1764 66
277 1691 481 1762 Ἀπολλώνια
504 1696 524 1780 ἡ
548 1706 612 1763 νῦν
632 1691 796 1782 Έρισσός,
819 1695 839 1777 ἡ
862 1695 945 1780 πρὸς
967 1703 1012 1781 τῷ
1028 1692 1131 1784 Ἄθῳ.

188 1821 221 1870 69
283 1806 385 1888 Τρίνη
408 1803 448 1866 τὰ
471 1812 536 1868 νῦν
563 1804 718 1885 Τρίααλα.
1003 1813 1006 1818 “

189 1926 223 1975 7ο
280 1905 492 1994 Θερμοπύλαι
514 1910 552 1973 τὸ
575 1917 639 1973 νῦν
662 1905 797 1982 λλιέλος.

189 2031 222 2080 71
279 2018 432 2078 Σίπυλον
455 2014 533 2096 ὄρος
556 2013 574 2078 ὁ
597 2022 662 2077 νῦν
685 2014 866 2095 Κοοζηνᾶς.

190 2135 223 2185 72
278 2117 476 2201 Σατήρουτα
498 2118 538 2181 τὰ
560 2125 625 2182 νῦν
648 2113 774 2181 Πύθια.

191 2241 225 2291 73
271 2221 395 2307 Ἕμεσα
418 2223 455 2288 τὸ
477 2224 567 2310 παρὰ
589 2234 658 2301 τοῖς
680 2229 891 2309 Σαρακηνοῖς
913 2221 1017 2307 Χέμψ.

191 2345 225 2396 74
267 2326 485 2395 mondum
511 2334 618 2415 Θῆβαι
639 2334 678 2396 τὸ
701 2338 766 2395 νῦν
785 2327 1028 2414 Ἁττραμύτιον.

192 2452 225 2503 76
276 2434 395 2521 ’Ἀργος
420 2439 619 2503 Θετταλικὸν
641 2437 662 2520 ἡ
684 2445 750 2502 νῦν
772 2434 935 2519 Λοίρισσα.

192 2560 225 2609 76
281 2546 426 2626 Σίρμιον
444 2540 465 2623 ἡ
484 2551 548 2606 νῦν
569 2540 732 2624 Οὐγγρία·
755 2538 865 2606 καλοί
882 2540 1030 2625 Οὕγγροι
1054 2538 1209 2622 ἐλέγοντο

280 2649 317 2711 τὸ
340 2647 483 2711 παλαιὸν
506 2647 661 2727 Γηπεδες.

193 2769 226 2816 77
282 2750 432 2836 Σαρδικὴ
456 2750 476 2832 ἡ
500 2759 564 2815 νῦν
591 2749 773 2834 Τριοίδιτζα.

265 2956 280 2994 ο
297 2939 438 3010 fol.176r,
462 2940 477 2993 f
492 2940 541 2994 fol.
557 2944 607 2993 19v
638 2941 647 3008 ΙΙ
678 2956 776 2994 versus
796 2945 829 2994 62
849 2943 879 2996 et
898 2946 931 2994 66
954 2940 1148 3009 praetermisit
1166 2958 1181 2995 ο
1199 2941 1210 3014 11

193 3016 227 3065 66
246 3010 397 3081 χερόνησος
416 3029 439 3081 ο,
458 3011 562 3079 ταύτησ
580 3009 612 3064 66
630 3007 749 3079 πλησίον
767 3005 825 3066 ἐστὶ
843 3011 1013 3082 χερρόνησοσ
1033 3009 1210 3082 μιαρὰ.ἤτισ

193 3081 224 3136 τὸ
244 3080 296 3151 μὲν
314 3081 436 3137 παλαιὸν
456 3077 563 3151 ἕλεγέτο
581 3081 679 3149 πολοσ,
697 3080 716 3149 η
734 3081 837 3152 πατρλο
854 3091 904 3138 τοῦ
918 3081 1049 3154 νέστοροτ
1067 3082 1210 3152 τοῦπαρὰ

194 3161 231 3207 τῶ
251 3151 344 3222 ὁμήροο
363 3150 505 3222 ἀδομὲνοο
523 3152 539 3205 f
557 3155 567 3222 ΙΙ
590 3157 623 3208 67
642 3152 716 3208 ίᾶνα
736 3168 763 3224 e,
787 3155 883 3224 νίτροσ
900 3153 915 3208 f
933 3157 943 3222 ΙΙ
966 3158 1000 3207 68
1021 3154 1165 3208 ἀπολώνια
1184 3168 1208 3221 6,

194 3240 369 3295 ἀπολλώνεια
380 3282 386 3294 .
396 3239 461 3294 ἄθο
479 3249 517 3294 τῶ
536 3240 596 3309 ίλρει
613 3239 728 3312 κειμένη
747 3242 782 3310 fl!
801 3247 833 3296 71
852 3231 974 3310 τιονζηῖ)
988 3257 1011 3310 θ,
1026 3250 1161 3296 νοοσινᾶσ
1175 3241 1210 3312 fu

198 3316 230 3366 72
255 3309 443 3380 τοτηρόπολισ
461 3310 476 3363 f
495 3313 504 3381 fl
528 3316 561 3364 73
581 3311 786 3382 ταρακήνοισο
813 3315 823 3381 ΙΙ
851 3311 1061 3378 74·ι)πόττλααοι
1081 3329 1108 3380 ο,
1123 3313 1208 3382 ἀτρα-

195 3418 326 3489 ρνίττινον
345 3416 379 3484 fl}
394 3421 427 3470 76
446 3413 475 3470 οί
487 3414 519 3469 δὲ
533 3412 647 3484 οίγγροι
661 3411 738 3469 οὗτοι
752 3410 879 3483 ἐλέγοντο
898 3414 922 3483 s,
942 3409 1069 3483 ἕλεγοντο
1087 3381 1171 3485 yffi)
1184 3434 1209 3488 6,

196 3488 335 3560 γήπαιιλεσ
352 3486 367 3540 f
395 3488 404 3556 ΙΙ
436 3491 469 3540 77
487 3483 632 3557 τριάδιττα
650 3485 665 3536 f
