2656 3892
196 165 289 216 XVIII
601 159 811 213 PRAEFATIO.

196 322 336 388 rincnsis
356 321 442 388 enim
459 320 536 384 libri
554 320 660 404 prima
678 340 792 384 manus
812 340 1043 403 saepenumero
1060 327 1229 389 accentus

195 411 349 498 neglexit,
372 408 511 475 secunda
534 429 610 473 vero
632 409 669 473 in
691 407 844 472 addendis
868 407 1056 473 accentibus
1074 409 1228 493 plerum·

183 522 259 587 'que
283 520 407 564 errores
427 497 599 564 commisit.
635 496 735 561 Aliud
754 496 885 583 gravius
904 501 968 582 est3
984 518 1062 562 nam
1079 499 1227 566 nomina
1300 497 1301 500 '

196 584 411 654 aFarnesino
433 586 556 651 tradita
578 607 731 670 persaepe
755 585 940 669 discrepant
962 607 1036 650 cum
1060 586 1106 651 eis
1129 610 1224 672 quae

194 675 404 741 Taurinensis
428 675 560 740 exhibet
582 674 673 740 liber.
719 674 808 750 Quae
831 673 939 738 variae
966 673 1137 739 Farnesini
1163 699 1224 742 co-

194 764 275 830 dicis
298 763 455 829 lectiones
477 785 545 828 non
563 784 579 826 e
599 763 724 828 scribae
747 784 855 828 errore
879 767 936 827 aut
958 762 1094 832 arbitrio
1119 769 1221 832 ortae

194 874 265 918 csse
288 853 452 939 videntur3
479 852 609 917 eaedem
637 851 723 917 enim
749 851 785 916 in
811 850 946 934 reliquis
974 872 1102 935 quoque
1126 855 1224 919 codi-

194 941 285 1007 cibus
307 940 528 1027 inveniuntur,
549 940 651 1005 velut:

304 1099 566 1166 Taurinensis.
845 1098 1091 1165 Farnesinus.

192 1247 220 1291 v.
236 1226 310 1292 635.
347 1225 377 1292 5.
401 1227 510 1312 βερόη.
725 1226 833 1310 βερόν.

192 1337 220 1379 v.
236 1315 309 1381 639.
347 1317 376 1380 2.
401 1312 549 1379 ἀντανία.
726 1312 895 1395 ἀνταγνία.

191 1425 220 1470 v·
236 1403 309 1469 644.
327 1405 376 1468 10.
402 1402 536 1478 ilderico.
725 1399 851 1478 ἐκεψοσ.

191 1512 219 1555 v.
234 1489 309 1556 445.
347 1490 377 1556 5.
400 1489 558 1574 τάναγρα.
723 1489 884 1575 πάναγρα.

188 1600 217 1643 v.
233 1578 307 1644 647.
344 1578 373 1643 6.
396 1576 584 1642 θάλπουσα.
722 1577 910 1664 &ripaursa

189 1688 216 1730 v.
233 1665 307 1733 648.
344 1667 375 1730 2.
398 1665 475 1749 Illae
509 1668 673 1751 μητρόπο-
722 1667 800 1750 llice
817 1669 1021 1752 μητρόπολισ
1037 1668 1213 1738 αἰτωλίασ.

402 1759 457 1820 tw
480 1753 652 1841 ἀρκαδίασ.

256 1881 297 1890 -
344 1845 375 1910 4.
399 1849 510 1927 αἴγιον
552 1846 672 1930 μητρό-
723 1842 946 1908 desiderantur
969 1866 1007 1909 ea
1029 1846 1136 1910 verba.

400 1936 500 1997 πολισ
513 1933 680 1998 cltellae.

186 2041 214 2084 v.
232 2019 305 2085 732.
344 2021 371 2084 7.
397 2022 503 2105 ὅμβοι.
722 2021 849 2106 ὄμβροι.

187 2131 215 2172 v.
232 2107 304 2172 733.
343 2107 373 2172 3.
396 2111 560 2194 ,repostae
721 2112 884 2194 ρεβονίκη.

273 2265 416 2333 Exstant
439 2267 576 2352 denique
598 2267 635 2332 in
657 2268 767 2334 codice
789 2267 967 2333 Farnesino
990 2291 1102 2335 versus
1127 2272 1204 2338 637.

183 2356 294 2424 9-12
318 2361 351 2422 et
375 2358 449 2423 659.
475 2357 637 2424 13-729.
661 2359 696 2444 2,
720 2380 801 2443 quae
823 2357 1020 2423 omittuntur
1043 2360 1203 2427 accdicis

183 2443 392 2513 Taurinensis
415 2447 559 2514 librario.
605 2446 717 2513 Iltiam
738 2446 775 2512 in
797 2446 982 2533 appendice,
1003 2470 1032 2512 v.
1051 2449 1125 2514 734.
1149 2451 1202 2536 11,

183 2533 284 2600 habet
306 2534 347 2600 T:
374 2535 626 2622 decorarentui*
651 2557 740 2600 vero:
763 2535 966 2622 βρισγάμων.
1303 2585 1304 2628 3

270 2622 342 2687 Iam
361 2624 402 2688 ad
421 2623 560 2689 alterum
580 2623 728 2688 codicum
771 2645 849 2688 enus
869 2628 1082 2710 transeamus,
1101 2630 1199 2710 atque
1303 2643 1304 2652 ¹

179 2708 322 2793 primum
337 2710 375 2774 de
389 2711 516 2776 ratione
531 2733 612 2795 quae
626 2710 713 2774 inter
758 2732 950 2777 onacenrem
960 2718 993 2778 et
1002 2713 1200 2782 Vaticanum

179 2795 281 2862 libros
304 2797 486 2866 intercedat
512 2799 608 2865 nobis
637 2800 797 2886 agendum
820 2800 891 2864 en't.
937 2801 982 2866 Hi
1005 2802 1092 2867 enim
1120 2802 1199 2868 libri

179 2906 307 2952 summa
333 2885 420 2952 inter
447 2910 481 2953 se
508 2887 746 2954 necessitudine
776 2889 941 2955 coniuncti
971 2895 1058 2955 sunt.
1106 2889 1198 2956 Non·

177 2973 277 3039 nullis
291 2973 374 3040 locis
388 2975 500 3042 eadem
514 2978 672 3063 praebent
690 2977 789 3043 verba
803 3001 823 3043 a
837 2982 1019 3044 ceterorum
1037 2979 1197 3046 librorum

177 3081 339 3128 consensu
362 3064 589 3151 discrepantia,
612 3066 701 3132 velut
720 3069 837 3133 acea
859 3069 899 3131 11
924 3065 979 3132 καὶ
1001 3071 1121 3155 παρεία
1144 3090 1191 3133 ex·

176 3149 306 3238 hibent3
333 3151 465 3238 reliqui:
494 3155 674 3242 καισάρεια.
719 3154 845 3222 Eodem
872 3156 969 3222 modo
997 3178 1060 3222 vox
1091 3157 1197 3240 ἥτουν

176 3239 227 3304 vel
240 3240 324 3328 ἦτοι,
338 3263 435 3326 quam
445 3243 562 3330 reliqui
572 3244 649 3309 libri
657 3245 793 3311 v.643.6
803 3245 890 3312 inter
902 3245 1002 3310 verba
1012 3243 1153 3311 §saddoc
1161 3250 1195 3310 et

175 3325 296 3413 ἀχαίασ
308 3336 445 3418 ponunt,
463 3336 496 3397 et
510 3332 584 3415 ἢτοι
598 3333 802 3420 vccabulum,
816 3355 880 3418 quo
895 3356 924 3398 v.
935 3335 1009 3400 651.
1023 3334 1040 3398 l
1060 3333 1193 3399 nomina

175 3420 311 3502 φοινίκη
335 3424 370 3484 ct
388 3417 533 3506 ἀραὸἐνα
553 3422 754 3506 copulantur,
778 3422 818 3485 ab
838 3425 977 3505 utroque
1000 3421 1085 3485 libro
1103 3443 1194 3507 prae·

174 3507 412 3574 termittuntur.
