2656 3892
181 149 233 198 XX
587 143 797 196 PRAEFATIO.

182 310 331 372 νόπολισ.
349 317 470 371 venatu.
506 303 627 369 Postea
644 325 733 389 vero,
750 325 858 368 errore
876 307 1058 389 perspecto,
1075 305 1202 370 nomini

183 394 376 461 ἑλενόπολισ
395 394 525 480 signum
539 401 580 470 ÷t÷
593 392 712 458 adiecit
726 396 759 456 et
778 391 919 476 margini
937 391 1084 459 infcriori
1103 394 1200 459 urbes

180 488 350 571 πρίνετοσ.
377 483 571 566 νικομήᾶεια
593 481 770 565 inscripsit.
807 479 988 545 Vaticanus
1018 503 1094 546 vero
1117 481 1201 546 liber

182 573 272 638 solus
295 572 358 636 hoc
377 571 489 635 ordine
508 571 605 635 urbes
624 573 805 634 enumerat:
828 570 1012 653 χαλκηδών.
1035 573 1201 656 πρίνετοσ.

182 661 385 745 νικομήδεια.
409 659 610 725 ἐλενόπολισ.
633 670 754 723 ornatu.
795 656 965 723 Librarius
986 659 1072 723 enim
1090 658 1202 724 Mona-

181 770 310 815 censem
338 748 460 812 librum
487 747 673 813 describens
705 745 839 812 nomina
870 746 1011 833 margini
1042 747 1202 833 inscripta

180 838 264 903 falso
285 841 360 902 ante
379 836 494 901 urbem
518 833 710 901 ἑλενόπολισ
731 834 852 920 posuit,
875 857 949 900 cum
967 857 985 900 e
1004 841 1112 901 mente
1133 857 1201 902 cor-

181 925 319 992 rectoris
337 924 542 991 Monacensis
561 929 638 1009 post
656 946 729 989 eam
747 924 863 990 urbem
881 923 1070 989 collocanda
1084 929 1201 990 essent.

181 1014 245 1091 Qui
263 1014 355 1080 locus
378 1013 461 1078 mihi
483 1035 544 1097 pro
563 1017 653 1078 certo
672 1009 885 1097 comprobare
903 1012 1040 1098 ridetur,
1062 1015 1201 1098 pendere

182 1103 304 1167 librum
326 1101 525 1168 Vaticanum
548 1124 565 1166 e
588 1101 785 1167 Monacensi.
1311 1165 1312 1182 ¹

271 1191 357 1256 Huic
390 1191 572 1257 sententiae
603 1213 671 1256 non
698 1190 823 1276 obstat,
855 1191 942 1274 quod
973 1191 1062 1256 haud
1087 1191 1200 1276 paucis
1311 1187 1312 1212 ¹

180 1279 317 1346 locisV
348 1279 425 1346 libri
461 1281 561 1345 rerba
596 1303 670 1345 cum
707 1279 754 1345 eis
791 1301 873 1363 quac
911 1279 946 1343 in
981 1279 1017 1344 M
1047 1281 1202 1366 legrmtur

182 1369 375 1453 discrepant.
424 1367 498 1433 Meo
529 1368 615 1433 enim
647 1367 769 1432 iudicio
801 1366 918 1431 menda
946 1372 1023 1430 sunt
1050 1390 1067 1432 e
1093 1369 1202 1454 negle-
1311 1393 1312 1424 i

182 1457 293 1543 gentia
319 1457 558 1540 libramenta,
587 1456 676 1520 velut
704 1478 733 1519 v.
752 1454 826 1519 632.
852 1456 869 1518 1
895 1453 1061 1517 omittitur
1082 1476 1202 1519 nomen

181 1588 272 1653 urbis
292 1587 553 1667 εὐδοξιούπολισ.
576 1610 605 1653 v.
619 1543 729 1694 643}
757 1585 871 1650 deinde
896 1583 1042 1651 ordinem
1062 1586 1202 1653 aliorum

181 1722 342 1786 librorum
368 1719 488 1808 (νῆσοσ
522 1723 674 1786 σκίαθοσ.
712 1728 817 1802 νῆσοσ
849 1717 1016 1807 onducto.)
1048 1719 1202 1786 immutat

183 1810 328 1876 scribens
351 1819 456 1894 νῆσοσ
479 1807 630 1875 onducto.
653 1815 759 1891 νῆσοσ
781 1810 933 1873 σκίαθοσ.

271 1897 369 1963 Haud
401 1919 475 1962 raro
512 1897 697 1962 litterarum
731 1918 860 1981 quoquc
892 1897 972 1961 ordo
1004 1896 1124 1962 iniuria
1154 1897 1203 1961 in-

185 1986 337 2071 vertitur,
359 1985 449 2049 velut

273 2096 303 2139 v.
323 2073 397 2139 682.
423 2075 478 2138 ll:
502 2073 691 2160 ὁλύβαρσοσ
712 2095 773 2158 pro
797 2073 996 2159 ὀλύβρασοσ.

271 2184 301 2226 r.
321 2161 395 2226 683.
420 2164 453 2226 7:
477 2161 648 2248 ἀρύκναὸα
670 2184 729 2248 pro
754 2161 934 2248 ἀρύκανδα.

273 2248 530 2335 Nonnumquam
560 2252 694 2316 nomina
720 2252 832 2316 littera
860 2251 981 2317 omissa
1010 2251 1062 2316 vel
1094 2252 1203 2316 addita

184 2340 427 2424 detorquentur.
472 2340 525 2405 Ita
547 2363 576 2405 v.
595 2341 669 2406 646.
693 2342 727 2406 9:
750 2346 863 2424 αῐγηαι
886 2361 946 2425 pro
969 2345 1113 2426 αῐγηραι.

273 2452 302 2494 v.
322 2429 395 2496 650.
419 2429 454 2494 9:
477 2427 639 2516 ἐλευθέρα
660 2451 721 2514 pro
745 2426 936 2514 ἑλευθέρνα.

273 2541 301 2582 v.
322 2518 395 2583 668.
424 2521 477 2584 ll:
500 2519 660 2582 θεοδοσια
682 2539 742 2600 pro
765 2517 978 2583 deodooruvd.

275 2628 305 2669 r.
324 2607 398 2670 671.
418 2606 452 2669 5:
473 2603 711 2691 ἱεροκαστέλλει
725 2627 785 2689 pro
801 2607 1062 2691 ίεροκαστελλεια
1080 2608 1203 2674 scribit.

276 2690 485 2757 Contrarium
499 2693 617 2758 vitium
632 2693 756 2759 occurit
774 2717 802 2758 v.
818 2694 893 2759 664.
908 2695 942 2759 6:
962 2692 1100 2781 ἐπαρχία
1118 2719 1204 2782 uuo

187 2785 264 2864 γίασ
291 2778 346 2845 καὶ
375 2789 541 2865 consumto
568 2781 655 2845 enim
688 2781 802 2846 scribit
833 2805 893 2866 pro
921 2787 1072 2869 φρυγιάσ
1100 2806 1203 2850 καπα-

184 2878 311 2953 teucria.

274 2981 302 3022 v.
327 2959 401 3024 680.
425 2959 459 3023 6:
482 2961 598 3045 βερβίη
621 2980 681 3043 pro
705 2957 816 3046 βέρβη.

273 3068 303 3111 v.
322 3046 396 3112 684.
422 3048 477 3113 1οε
499 3047 651 3132 :retrusus
673 3070 733 3132 pro
756 3048 895 3134 πάταρα.

275 3132 364 3211 Quae
388 3157 462 3201 cum
486 3135 596 3201 omnia
619 3141 732 3220 aperta
753 3135 880 3202 librarii
901 3138 1018 3202 menda
1040 3137 1115 3222 sint,
1138 3160 1205 3203 non

187 3223 302 3288 dubito
326 3224 468 3308 quinque
492 3224 565 3290 aliis
588 3224 678 3307 locis,
702 3225 821 3309 quibus
835 3225 867 3291 V
886 3225 1048 3313 discrepat
1071 3249 1146 3292 cum
1161 3226 1205 3312 M,

186 3311 293 3377 varias
312 3311 344 3377 V
361 3312 438 3377 libri
460 3313 618 3380 lectiones
642 3313 746 3379 eidem
772 3313 940 3399 scriptoris
964 3315 1131 3381 socordiae
1150 3315 1206 3380 tri-

186 3401 299 3487 buere3
323 3406 400 3467 sunt
422 3423 500 3468 vcro
522 3402 570 3468 hi:

277 3513 304 3554 v.
326 3491 401 3556 642.
425 3491 459 3556 9:
482 3494 597 3578 τρόκαι
620 3492 753 3558 exhibet
775 3513 836 3578 pro
859 3495 977 3579 τρίκαι.
