2656 3892
183 221 263 271 XXII
590 215 799 267 pannulum.

227 374 232 387 .
274 401 302 444 v,
322 377 396 444 635.
418 379 458 442 12
483 375 638 460 ὃέβελτοσ
655 398 715 460 pro
734 373 903 461 διβέρτιοσ
926 372 1057 459 scripsit
1076 371 1205 460 (secun-
1318 457 1319 462 γ

185 469 262 533 dum
286 463 563 552 Constantinum).

185 644 245 709 ΠΙ.
271 555 443 730 1ν26ἓὲ54
471 555 618 641 δόβηροσ
639 577 698 639 pro
721 549 1201 662 deddopog(secuudumPt01‚

274 754 302 796 v.
323 731 398 798 639.
421 734 441 798 6
466 731 634 818 βράγυλοσ
655 752 716 817 pro
743 730 914 817 δράγυλοσ
935 726 1127 816 (secundum
1152 748 1204 793 co-

185 820 290 885 dicem
313 819 528 885 Famesinum
551 825 584 885 et
607 817 883 906 Constantinum).

275 932 305 974 v.
324 908 398 974 640.
423 911 442 975 6
471 907 572 994 βέργη
599 931 659 994 pro
687 906 791 994 βέρπη
819 905 1012 994 (secuudum
1038 905 1122 972 Ptol.
1142 905 1204 970 IH.

188 997 238 1061 12.
263 999 315 1082 28,
338 997 395 1061 ubi
418 1001 526 1062 exstat
548 995 674 1084 βέργα).

275 1109 304 1150 v.
324 1083 397 1152 641.
423 1088 442 1150 2
467 1089 580 1170 στόβοι
602 1108 662 1171 pro
690 1088 802 1151 στόλοι
826 1082 1017 1172 (secundum
1038 1081 1124 1149 Ptol.
1142 1082 1205 1148 ΠΙ.

276 1173 396 1331 ν.)642.
421 1266 443 1331 5
467 1263 613 1350 ἐχίναιον
634 1286 694 1349 pro
718 1265 860 1348 αἰχιονίο
884 1259 1115 1349 (Constantine
1139 1259 1205 1345 ἐχι-

185 1356 307 1418 vuldo.

275 1351 304 1505 i.
323 1441 397 1506 643.
418 1440 439 1504 5
462 1449 567 1524 νῆσοσ
584 1439 782 1525 πεπάρηθοσ
799 1461 858 1523 pro
877 1436 1055 1521 νησοπέπα.
1079 1440 1206 1521 ρίσθησ

186 1527 378 1702 (secupdum
405 1526 626 1613 Thucydidem
645 1527 704 1592 ΙΠ.
730 1529 771 1593 89
795 1531 828 1592 et
853 1525 1054 1611 Stephanum
1080 1525 1206 1611 Byzan-

185 1616 294 1680 tium.
797 1667 799 1672 .

275 1726 302 1768 v.
314 1703 387 1769 643.
400 1706 419 1770 8
435 1702 562 1770 ἐλάτεια
571 1727 631 1791 pro
645 1705 785 1789 ἠλατίνα
794 1701 986 1791 (secundum
1001 1701 1204 1789 Stephanum

185 1792 403 1880 Byzantium).

275 1881 427 1948 Plurimis
457 1905 534 1947 vero
566 1883 646 1948 locis
680 1881 905 1968 apographum
933 1881 1204 1946 Barberim'anum

185 1992 319 2054 prorsus
339 1971 490 2036 convenit
509 1993 583 2035 cum
605 1970 690 2034 libro
705 1970 876 2056 Vaticano,
895 1992 959 2055 quo
979 1971 1072 2055 quasi
1092 1969 1205 2034 funda-

185 2063 297 2123 mento
319 2059 369 2123 uti
392 2058 433 2124 ad
456 2059 631 2124 editionem
651 2081 744 2124 suam
762 2059 940 2144 parandam
953 2057 1146 2125 Holstenius
1169 2059 1206 2123 in

186 2146 296 2213 auimo
324 2147 453 2230 habuit,
482 2151 519 2212 ut
545 2147 613 2212 iam
640 2169 739 2233 supra
767 2149 1026 2214 commemoravi.
1077 2147 1204 2225 Quibus

186 2235 293 2301 causis
322 2236 479 2303 adductus
507 2258 566 2323 pro
596 2235 764 2322 explorato
792 2238 911 2323 habeo,
934 2236 1206 2303 Barberiuianum

187 2326 413 2479 apographum
435 2348 502 2392 uon
526 2327 665 2413 amplius
684 2327 845 2394 Hieroclis
865 2327 1031 2394 codicibus
1055 2326 1206 2391 aduume

185 2436 245 2479 ran
267 2439 322 2481 um
346 2438 425 2482 esse.

275 2503 492 2571 Transeuntes
521 2506 635 2572 deinde
662 2506 702 2570 ad
731 2506 858 2571 codices
886 2504 1145 2571 Ottobonianum
1171 2506 1205 2567 et

186 2590 429 2658 Berolinensem
456 2593 523 2657 iam
551 2593 745 2677 videbimus,
773 2615 829 2657 eos
853 2614 980 2677 quoque
1010 2592 1128 2678 intimo
1150 2613 1206 2656 ne-

186 2677 393 2742 cessitudinis
412 2679 542 2744 vinculo
561 2681 648 2744 inter
667 2702 701 2743 se
721 2702 791 2744 esse
811 2681 1015 2763 coniunctos3
1037 2700 1114 2742 nam
1158 2702 1206 2744 er·

185 2764 298 2829 multis
317 2765 398 2830 loeis
422 2767 550 2832 easdem
573 2767 730 2852 praebent
753 2767 919 2850 lectiones,
943 2703 1204 2853 discrepantibus

184 2852 319 2936 reliquis
330 2853 481 2920 omnibus
492 2856 666 2942 codicibus,
676 2855 765 2920 velut
775 2877 857 2941 quae
867 2855 1203 2921 exstantinv6342:

187 2943 305 3027 ἄπρωσ
326 2964 386 3027 pro
409 2945 526 3030 ἅπροσ.

275 3052 303 3095 v.
324 3031 397 3096 634.
422 3033 456 3096 9:
484 3032 623 3118 ρούσιον
646 3037 775 3097 tantum
801 3031 958 3116 praebent
982 3033 1203 3119 omittuntque

186 3121 327 3206 υόπιροσ
347 3129 421 3186 νῦν.

274 3233 304 3276 v.
324 3211 399 3276 641.
422 3210 456 3275 4:
480 3209 687 3296 εὐστράτιον,
709 3208 827 3294 reliqui
850 3208 1036 3297 εὐστράιον.

276 3322 305 3365 v.
325 3301 399 3366 644.
426 3302 459 3365 7:
496 3300 613 3386 στήραι
649 3321 709 3385 pro
746 3298 945 3384 reliquorum
982 3300 1121 3385 στήραισ
1152 3297 1204 3363 vel

185 3390 330 3475 στίραισ.

278 3503 305 3545 v.
326 3480 400 3546 644.
425 3479 481 3546 12:
505 3477 698 3560 ἀνθοδώνη,
724 3475 841 3560 reliqui
866 3497 977 3540 omnes
1001 3472 1158 3556 aventes.

279 3593 307 3635 v.
328 3569 401 3636 646.
425 3571 445 3635 2
470 3574 502 3636 et
527 3571 560 3637 3:
584 3566 763 3634 omiserunt
785 3584 906 3627 versus.
