2656 3892
236 1022 398 1089 Hieroclis
418 1021 623 1108 grammatici
645 1022 838 1106 synecdemo
855 1021 931 1086 inde
950 1019 1080 1086 aXVlI
1099 1043 1167 1086 sae-

148 1114 221 1179 culo
244 1113 306 1177 viri
329 1111 417 1176 doeti
436 1132 568 1194 operam
587 1110 743 1174 dederunt
762 1114 795 1173 et
817 1131 895 1193 prae
914 1109 1030 1175 ceteris
1048 1108 1165 1174 Petrus

148 1199 404 1285 Wesselingius,
444 1199 494 1261 vir
531 1197 667 1261 eximiae
709 1197 891 1282 doctrinae,
931 1198 1165 1262 commentario

149 1289 338 1354 doctissimo
363 1286 487 1372 addito,
517 1284 639 1370 optime
663 1286 701 1349 de
726 1304 764 1350 eo
787 1286 923 1350 meritus
947 1289 1005 1350 est.
1050 1284 1166 1370 Neque

148 1384 260 1443 tamen
285 1377 321 1440 in
348 1375 456 1440 verbis
484 1378 655 1440 contextus
683 1373 920 1439 constituendis
948 1396 987 1439 ea
1014 1395 1078 1457 qua
1107 1396 1167 1458 par

150 1471 200 1532 est
231 1464 401 1551 diligentia
437 1463 489 1528 usi
524 1468 613 1548 sunt,
648 1462 807 1527 librorum
845 1463 932 1528 enim
969 1462 1166 1547 scriptorum

147 1577 262 1641 parum
286 1554 446 1618 rationem
469 1552 661 1617 habuerunt.
707 1551 814 1617 Lucas
837 1551 1045 1637 Holstenius,
1073 1551 1165 1617 ouius

148 1644 320 1728 praecipue
347 1641 456 1707 verbis
488 1641 589 1706 etiam
616 1662 698 1724 quae
727 1663 814 1706 nuno
847 1645 977 1706 exstant
1007 1639 1165 1707 editiones

147 1733 308 1816 nituntur,
329 1730 526 1796 Vaticanum
550 1733 681 1794 secutus
704 1733 755 1794 est
777 1729 914 1814 librum,
933 1729 1067 1795 adiectis
1091 1729 1168 1792 duo-

148 1843 222 1886 rum
241 1821 380 1885 aliorum
398 1818 497 1883 variis
520 1818 716 1883 lectionibus
735 1817 845 1902 cisque
865 1818 1003 1883 selectis.
1039 1817 1169 1882 Wesse

148 1910 270 1996 lingius
304 1908 448 1974 codicem
480 1907 672 1972 Leidensem
705 1906 841 1992 addidit,
873 1906 928 1991 qui
957 1905 1069 1992 magni
1100 1925 1168 1969 non

149 1999 369 2064 aestimandus
397 2001 456 2062 est.
502 1995 612 2080 Atque
641 1996 696 2079 qui
726 1995 911 2082 nuperrime
939 1995 1167 2080 synecdemum

148 2087 271 2172 publici
294 2086 375 2151 iuris
395 2085 484 2170 fecit,
507 2083 671 2149 Gustavus
690 2083 842 2171 Parthey,
865 2085 992 2149 duobus
1015 2105 1094 2148 usus
1118 2087 1168 2147 est

148 2176 252 2262 libris,
270 2173 463 2239 Taurinensi
478 2177 512 2238 et
525 2172 738 2258 Bruxellensi,
753 2194 834 2258 quos
854 2173 1034 2238 exscribere
1053 2171 1169 2257 priori-

150 2265 212 2330 bus
232 2263 412 2329 editoribus
430 2283 497 2326 non
514 2261 617 2326 licuit.
654 2260 744 2337 Quae
758 2283 832 2326 cum
850 2261 898 2325 ita
911 2262 987 2347 sint,
1004 2259 1168 2326 Hieroclis

150 2352 379 2435 synecdemum
401 2349 522 2413 iterum
544 2348 637 2413 edere
661 2348 789 2433 suscepi
814 2353 911 2433 atque
934 2349 968 2412 id
991 2349 1072 2413 mihi
1095 2371 1168 2433 pro-

148 2439 293 2523 positum
311 2437 384 2523 fuit,
407 2441 440 2500 et
458 2437 560 2500 libros
580 2436 699 2520 quibus
717 2439 842 2501 veteres
861 2436 1002 2502 editores
1020 2436 1072 2500 usi
1092 2441 1168 2500 sunt

150 2527 238 2591 omni
266 2525 436 2612 diligentia
464 2528 614 2589 excutere
637 2529 670 2588 et
692 2545 809 2611 novos,
832 2524 860 2589 si
883 2525 954 2589 fieri
976 2524 1099 2609 liceret,
1120 2525 1168 2588 in-

148 2615 321 2702 vestigare.
358 2613 448 2690 Quae
471 2636 523 2678 res
547 2635 624 2678 sane
643 2613 782 2678 molesta
799 2619 858 2678 est.
894 2613 1062 2679 Exhibeat
1080 2613 1167 2678 enim

150 2705 379 2789 synecdemum
411 2702 488 2767 libri
520 2703 577 2787 qui
609 2702 761 2768 dicuntur
794 2702 1006 2787 miscellanei3
1044 2703 1168 2768 accedit

149 2794 236 2877 quod
260 2812 491 2878 saepenumero
515 2791 632 2856 titulus
655 2813 775 2856 nomen
799 2792 942 2857 auctoris
964 2792 1124 2877 praebens
1148 2815 1168 2856 a

147 2881 290 2947 librariis
315 2881 489 2967 omittitur,
511 2880 559 2945 ita
582 2885 619 2945 ut
643 2880 700 2965 qui
721 2880 881 2946 librorum
901 2880 1097 2965 scriptorum
1119 2881 1168 2944 in-

149 2971 235 3036 dices
259 2970 468 3036 confecerunt
490 2969 680 3053 plerumque
704 2968 900 3054 Hieroclem,
926 2992 1086 3035 unacum
1108 2990 1168 3034 no·

14 3103 18 3110 -
148 3059 232 3124 titiis
246 3058 475 3124 ecclesiasticis
490 3058 698 3143 descriptum,
711 3058 938 3142 praeterirent3
954 3058 1167 3142 quamobrem

147 3147 302 3232 permulti
325 3147 395 3212 eius
416 3147 536 3211 indolis
560 3146 686 3212 codices
709 3147 903 3231 inspiciendi
922 3151 1025 3212 erant.
1063 3144 1165 3230 Saepe

149 3259 222 3321 spes
241 3258 292 3301 me
307 3235 437 3320 fefellit3
456 3256 701 3318 nonnumquam
720 3257 797 3301 vero
815 3257 867 3300 res
885 3256 1040 3320 prospere
1059 3235 1167 3320 cessit,

29 3332 32 3338 '
147 3325 197 3390 ita
210 3329 248 3389 ut
267 3323 432 3390 codicibus
452 3322 493 3387 ab
513 3322 692 3389 editoribus
706 3323 871 3407 prioribus
888 3323 1044 3389 adhibitis
1062 3344 1168 3387 novos

148 3413 321 3497 quosdam,
344 3411 448 3477 adhuc
475 3411 676 3497 incognitos,
699 3412 815 3477 addere
843 3412 925 3476 mihi
953 3411 1168 3496 contingeret.

237 3501 308 3565 Iam
325 3521 413 3586 ver0,
436 3521 509 3564 cum
528 3497 763 3566 Constantinus
781 3500 1112 3586 Porphyrogennetus
1131 3499 1167 3561 in

148 3587 233 3652 libro
258 3610 354 3672 quem
377 3588 415 3652 de
438 3588 639 3654 thematibus
661 3589 791 3672 imperii
809 3588 949 3654 Romani
974 3586 1167 3674 composuit,
