2656 3892
168 151 262 204 XXIV
577 148 787 201 PRAEFATIO.

264 308 362 374 Hisce
386 307 499 372 deinde
523 308 649 372 duobus
678 307 824 372 versibus
853 306 962 372 servili
985 308 1081 372 modo
1106 329 1198 372 oom-

173 399 292 484 pendia
319 395 533 462 Ottoboniani
561 395 637 460 libri
667 395 816 460 imitatus
845 400 895 460 est
919 395 975 479 qui
999 395 1201 480 conson‘psit

173 487 419 554 Berolinensem
441 484 574 549 librum:

263 642 292 684 v.
312 618 385 684 638.
408 619 443 682 43
467 593 613 702 alpinos.

263 774 293 817 v.
313 750 387 816 651.
410 749 444 815 5:
468 723 631 816 oaoavat.

263 856 438 921 Nonnullis
462 857 553 940 loeis,
578 877 715 938 quorum
739 860 850 921 tamen
875 879 1028 921 numerus
1053 857 1195 922 nonita

173 967 312 1032 magnus
333 966 402 1010 esse
421 944 557 1029 videtur,
580 943 733 1008 diffenmt
755 945 841 1009 inter
860 967 894 1010 se
913 945 1039 1010 codices
1059 945 1134 1009 Oet
1152 945 1194 1010 B.
1316 963 1317 970 ¹

175 1033 372 1120 Saepissime
399 1033 485 1099 enim
513 1054 638 1098 errores
671 1037 768 1117 atque
795 1035 912 1099 menda
939 1056 956 1098 e
983 1033 1195 1120 neglegentia

174 1123 301 1189 librarii
334 1126 406 1188 orta
439 1127 530 1207 sunt,
567 1121 623 1206 qui
655 1121 739 1189 falso
772 1123 901 1189 litteras
933 1127 967 1186 et
1003 1122 1126 1187 addidit
1159 1127 1196 1188 et

176 1211 411 1300 praetermisit,
436 1216 588 1277 accentus
607 1211 691 1276 falso
710 1212 821 1296 posuit
840 1217 873 1276 et
897 1211 1024 1277 litteras
1049 1233 1196 1276 commu-

175 1303 268 1387 tavit,
281 1302 412 1386 linguae
427 1322 561 1386 graecae
579 1301 634 1383 qui
653 1305 724 1364 tum
738 1301 844 1386 viguit
857 1301 1007 1366 itacismo
1022 1300 1195 1364 adductus.

175 1389 366 1455 Notandum
383 1388 417 1452 id
428 1409 556 1471 quoque
570 1392 629 1472 est,
642 1388 764 1453 formas
778 1411 912 1472 prorsus
926 1388 1089 1454 inauditas
1103 1388 1196 1453 haud

175 1499 250 1543 raro
265 1498 335 1541 esse
355 1497 436 1558 quas
455 1475 594 1560 legimus
609 1476 644 1538 in
662 1476 771 1540 oodioe
785 1475 814 1540 B
829 1481 862 1541 et
880 1499 962 1561 quae
980 1477 1197 1541 inveniuntur

175 1567 210 1630 in
233 1564 323 1629 nullo
347 1563 554 1646 reliquorum.
600 1562 691 1629 Haeo
715 1565 845 1629 afferam
870 1566 1029 1651 exempla:

320 1737 619 1808 Ottobonianus.
864 1742 1146 1809 Berolinensis.

179 1891 206 1933 v.
227 1867 301 1934 636.
349 1867 382 1931 8:
406 1866 550 1950 ἔβρετοσ.
819 1868 970 1953 ἄπρετοσ.
1005 1894 1010 1900 ·

176 1980 205 2022 v.
225 1956 299 2021 637.
325 1953 380 2019 133
403 1953 634 2035 νοβιοδοῦνοσ.
818 1957 1072 2039 νοβιουδοῦνοσ.

177 2067 205 2111 v.
226 2044 301 2110 641.
325 2042 358 2106 93
383 2040 517 2127 ζάααρα.
820 2045 953 2122 Cotuato.

175 2192 204 2235 v.
224 2167 299 2234 643.
322 2165 357 2231 53
380 2133 763 2250 νῆσοσαεπαντρίσθοσ.
819 2177 924 2252 νῆσοσ
945 2191 1035 2235 aava.
1059 2170 1194 2256 ῥίσθοα.
1316 2217 1317 2260 4

175 2281 206 2323 v.
226 2257 299 2323 647.
325 2255 359 2320 93
381 2251 571 2340 γερένθραι.
819 2255 986 2344 γερέθραι.

176 2371 206 2412 v.
227 2347 302 2413 648.
326 2344 360 2409 93
382 2351 489 2428 νῆσοσ
510 2355 634 2430 μυκῶν.
819 2356 925 2430 νῆσοσ
947 2359 1070 2433 μηκῶν.
1133 2428 1138 2436 .

177 2460 205 2502 v.
226 2434 300 2502 654.
326 2436 359 2500 73
382 2433 568 2520 §epactetum
820 2435 1011 2521 ρεμασιανά.

176 2549 206 2591 v.
226 2524 300 2592 655.
326 2525 358 2588 73
383 2521 521 2609 ἐπαρχία
545 2523 739 2607 δαρὸανίασ.
821 2523 959 2609 ἐπαρχία
982 2526 1133 2612 ὃαρνίασ.

175 2637 207 2679 v.
226 2612 301 2678 657.
324 2611 358 2675 6:
382 2608 601 2694 ὀρθεμάρχοσ.
820 2611 1018 2697 ὀρθεμάχοσ.

176 2724 205 2766 v.
226 2700 300 2765 662.
325 2697 380 2762 103
404 2697 622 2783 σκάμανὸρος.
821 2699 1020 2784 σκάμανδοσ.

177 2812 207 2854 v.
227 2788 302 2854 666.
327 2786 361 2849 2:
384 2785 554 2870 κερετάπα.
820 2789 996 2875 nepotulum.

179 2901 206 2942 v.
226 2877 300 2942 676.
326 2875 359 2939 13
382 2876 494 2959 nopae.
819 2880 932 2944 κόννα.

178 2990 205 3030 v.
227 2966 302 3031 678.
327 2965 360 3028 73
382 2965 583 3048 apostolocae.
819 2970 1043 3053 παρυπνιάσα.
1117 2989 1125 2998 ”

178 3078 207 3120 v.
227 3053 302 3120 685.
326 3051 361 3116 53
383 3051 541 3138 βαλούρα.
820 3057 978 3139 βαρούλα.
1044 3079 1054 3101 ‘·

179 3167 207 3206 v.
228 3144 303 3209 687.
329 3141 384 3205 113
408 3139 567 3225 ἀμυνδόσ.
820 3143 981 3229 ἀμβυδόσ.

177 3256 207 3297 v.
227 3229 302 3298 695.
326 3232 361 3294 23
384 3231 510 3315 κρατία.
821 3237 954 3320 κρααία.

178 3344 208 3386 v.
229 3318 360 3385 701.·’13
383 3317 654 3403 ῥεγεκουκουσόσ.
822 3322 1090 3407 ρεγεκοκκουσόσ.

178 3433 208 3474 v.
229 3408 302 3474 702.
326 3407 360 3472 5:
383 3408 520 3490 κόμανα.
821 3412 979 3493 κόμαννα.

90 3487 129 3546 ⁴
179 3496 303 3564 aloa.
327 3495 382 3560 103
405 3496 601 3559 κουκουσόσ.
821 3500 1037 3562 κουκουσσόσ.

386 3793 523 3858 Α
