2656 3892
178 169 204 220 X
578 165 788 218 PRAEFATIO.

179 329 243 394 culi
266 325 345 393 XVI
374 326 592 412 conscriptus,
623 326 827 410 chartaceus,
857 325 893 389 in
921 329 1052 411 quarto,
1083 319 1212 395 decem¹

177 422 307 483 tantum
328 414 493 481 foliorum.
539 413 692 480 Continet
710 438 730 480 a
747 413 827 479 folio
846 415 884 479 4ν
906 435 1008 497 usque
1032 415 1073 480 ad
1095 416 1201 484 finem

176 507 280 571 libelli
294 503 456 570 Hieroclis
471 504 709 590 synecdemum,
722 502 933 588 inscriptione
947 507 1059 568 tamen
1073 505 1202 572 omissa

178 593 222 682 (v.
235 596 309 660 631.
328 595 469 660 3-734.
484 591 529 681 5).
562 592 705 679 Paginae
724 591 906 677 tripertitae
923 597 1013 678 sunt,
1032 593 1202 679 scriptura
1312 645 1313 656 ,

179 688 228 749 est
251 681 368 768 nitida3
395 682 525 748 litterae
552 681 736 747 rubricatae
762 681 870 746 nullae
895 685 980 746 sunt.
1026 681 1202 750 Nonnum-

177 794 276 857 quam
293 771 534 856 provinciarum
556 770 660 835 latina
684 791 811 855 quoque
834 769 967 834 nomina
988 769 1025 834 in
1047 771 1200 858 margine
1314 799 1315 808 ¹

178 859 341 946 adscripta
358 860 575 925 inveniuntur.
607 859 781 924 Antecedit
795 881 814 923 a
827 857 908 924 folio
926 860 968 923 1²:
988 857 1101 938 Ὑάξις
1113 883 1199 948 προ-

177 947 345 1035 acerreae
371 946 643 1036 porpoaotccdrc'.
695 945 794 1012 cuius
825 947 945 1012 codicis
973 948 1148 1015 collatione
1177 974 1200 1016 a

178 1037 294 1104 Oarolo
326 1038 448 1124 Hopfio
481 1037 569 1104 facta
600 1058 679 1102 usus
711 1041 762 1101 est
794 1035 957 1102 Gustavus
989 1036 1132 1123 Parthey
1160 1039 1200 1104 in

176 1128 318 1194 editione
343 1150 409 1194 sua.
451 1126 525 1212 lpse
544 1125 731 1191 Bruxellam
748 1124 915 1211 profectus
933 1125 1054 1190 iterum
1071 1127 1197 1193 librum
1312 1165 1315 1188 ι

176 1217 308 1285 contuli.
324 1217 587 1302 -Quamquam
609 1238 677 1281 non
695 1215 833 1280 dilucide
858 1215 980 1280 dictum
1001 1219 1060 1300 est,
1082 1220 1196 1282 tamen

175 1330 243 1373 non
271 1307 385 1372 dubito
414 1306 493 1390 quin
519 1305 622 1390 ipsius
650 1303 837 1369 Hoeschelii
860 1326 959 1368 manu
985 1304 1125 1388 scriptus
1149 1306 1196 1372 sit

176 1396 278 1462 codex
313 1393 543 1459 Bruxellensis.
595 1392 742 1457 Primum
775 1392 861 1457 enim
897 1398 1082 1477 temporum
1114 1395 1194 1459 ordo
1314 1431 1315 1440 ι

175 1484 252 1549 huic
281 1481 460 1548 sententiae
492 1481 600 1546 favere
630 1480 773 1566 videtur3
805 1480 918 1546 deinde
952 1482 1063 1547 eadem
1094 1505 1195 1548 mann

176 1571 298 1655 scripta
321 1592 392 1636 esse
415 1569 496 1634 mihi
514 1569 664 1635 videntur
688 1574 721 1634 et
739 1573 909 1634 contextus
933 1574 966 1635 et
989 1592 1071 1654 quae
1091 1571 1195 1638 latine

174 1661 211 1726 in
232 1659 380 1746 margine
404 1662 502 1743 atque
525 1659 612 1724 inter
635 1658 801 1724 columnas
824 1664 940 1743 postea
963 1659 1088 1726 adiecta
1107 1667 1193 1726 sunt.

175 1747 315 1816 Constat
346 1752 528 1834 praeterea,
558 1749 658 1814 verba
689 1747 725 1812 in
755 1747 851 1812 initio
882 1747 1004 1833 posita:
1038 1749 1066 1814 ‘e
1098 1748 1193 1815 libris

174 1838 310 1906 Davidis
333 1836 521 1903 Hoeschelii
543 1835 594 1901 A?
619 1841 652 1901 et
674 1835 778 1901 latina
800 1837 1041 1920 provinciarum
1059 1839 1195 1905 nomina

175 1928 287 1994 eadem
319 1949 419 1991 manu
450 1930 548 2010 atque
582 1925 696 1990 eodem
733 1929 915 1990 atramento
953 1926 1075 2012 scripta
1111 1949 1193 1994 esse.

175 2014 395 2082 Confirmatur
426 2013 506 2078 haec
539 2013 701 2078 sententia
733 2036 785 2099 eo,
822 2015 909 2098 quod
941 2015 1042 2081 codex
1073 2015 1193 2104 DLVl,

174 2126 261 2170 nunc
274 2102 504 2188 Monacensis,
527 2101 607 2167 olim
629 2102 858 2189 Augustanus,
885 2103 942 2187 qui
964 2104 1034 2188 ipse
1058 2127 1075 2170 e
1098 2103 1193 2170 libris

175 2192 310 2260 Davidis
338 2189 526 2258 Hoeschelii
549 2195 613 2277 est,
642 2191 754 2257 eadem
782 2214 882 2258 manu
908 2192 1048 2277 scriptus
1076 2198 1126 2259 est
1154 2216 1193 2260 ac

176 2282 276 2348 codex
298 2281 355 2346 ille
373 2279 603 2346 Bruxellensis.

264 2369 303 2436 X.
323 2371 422 2437 codex
441 2367 608 2436 Leidensis
623 2365 691 2458 (L),
713 2392 731 2435 e
749 2369 959 2456 bybliotheca
977 2375 1074 2456 atque
1094 2394 1194 2438 manu

173 2459 278 2564 ipsius
288 2459 535 2526 Bonaventurae
548 2459 699 2525 Vulcanii
713 2461 864 2546 scriptus,
881 2464 919 2525 ut
932 2464 1042 2543 aperte
1056 2465 1193 2562 notatur

174 2546 827 2721 {litantisAttalium&
850 2547 1193 2704 {Attalida

176 2723 383 2808 opusculum,
417 2723 536 2788 iterum
569 2721 783 2807 inscriptione
816 2723 951 2810 omissa,
983 2749 1002 2790 a
1028 2726 1193 2793 f01i054'

173 2833 277 2896 usque
296 2811 337 2877 ed
355 2809 410 2876 iol.
429 2812 486 2878 57¹
499 2806 544 2898 (v.
559 2812 632 2876 631.
656 2812 798 2878 3-734.
817 2810 863 2898 5).
902 2812 1025 2881 Versus
1045 2817 1192 2883 continui

174 2899 287 2985 scripti
315 2903 406 2986 sunt3
434 2900 596 2985 scriptura
622 2905 673 2966 est
699 2900 817 2988 nitida;
850 2901 980 2974 litterae
1008 2905 1192 2972 rubricatae

173 2988 281 3055 nullae
299 2988 518 3054 inveniuntur.
558 2987 733 3056 Antecedit
752 3012 771 3055 a
788 2990 868 3056 folio
888 2991 956 3059 53¹:
979 2991 1094 3072 ’Τάξις
1111 3017 1192 3082 προ-

173 3075 341 3164 acciacae
363 3076 640 3162 μητροπολιτῶν’;
670 3084 849 3164 sequuntur
876 3080 979 3147 letina
1001 3083 1135 3149 nomina
1158 3089 1191 3150 et

174 3188 285 3234 earum
304 3166 435 3251 quaein
449 3167 640 3251 synecdemo
660 3168 868 3235 continentur
882 3169 1013 3237 urbium
1031 3176 1065 3237 et
1079 3195 1192 3238 earum

134 3325 137 3334 Α
174 3277 255 3342 quae
282 3255 318 3321 in
345 3255 548 3321 antecedenti
574 3254 632 3320 illo
666 3257 777 3324 ordine
805 3258 1041 3343 praesidentiae
1073 3265 1192 3326 metro

172 3345 350 3432 politanum
381 3343 543 3431 leguntur.
588 3342 735 3411 Primum
764 3345 799 3412 in
826 3369 921 3412 usum
948 3347 1039 3414 Petri
1063 3349 1192 3414 Wesse

173 3433 277 3522 lingit,
296 3432 352 3520 qui
370 3453 456 3498 anno
471 3435 548 3517 post
562 3428 638 3498 Chr.
652 3455 682 3498 n.
696 3432 943 3500 MDOOXXXV
962 3437 1190 3522 synecdemum

175 3523 289 3611 edidit,
316 3520 505 3610 sigebertus
531 3520 787 3607 Havercampius
811 3521 973 3589 Hieroclis
1002 3523 1122 3588 librum
1150 3547 1191 3590 ex
