2656 3892
536 182 771 249 patarenos
1024 261 1027 267 Ι
1077 195 1150 244 xav

223 361 294 426 iam
317 382 394 426 vero
418 359 620 442 disputemus
649 359 687 422 de
715 356 822 422 tribus
845 356 996 421 indiculis
1020 358 1152 422 urbium

134 472 216 536 quae
249 449 461 533 subsequenti
498 469 577 512 aevo
608 468 728 513 nomen
759 450 968 512 mutaverunt
1000 451 1033 510 et
1070 468 1152 530 quae

135 538 322 624 appendicis
345 537 415 603 vice
437 541 569 601 nostrae
587 535 750 600 Hieroclis
769 535 906 622 editioni
930 534 1152 622 adiungemus.

137 628 283 704 Quorum
305 649 389 691 unus
414 623 560 712 (nostrae
584 623 737 690 editionis
761 623 921 709 appendix
939 621 988 710 II)
1011 624 1153 709 primum

135 740 155 782 a
176 715 338 781 Vulcania
362 714 468 780 editus
497 719 547 779 est
575 711 615 779 ad
645 713 767 778 calcem
791 711 999 778 Constantini
1022 713 1061 778 de
1085 713 1154 779 the·

135 805 279 872 matibus
297 802 588 890 imperii'Romani
605 801 682 866 libri
704 801 811 886 primi.
851 800 961 886 Atque
980 823 1020 866 ex
1041 803 1154 868 eodem

136 894 245 960 codice
264 891 477 958 Mechlinensi
496 892 724 976 depromptum
742 913 813 955 esse
836 912 874 955 ac
893 889 1154 975 Constantinum,

137 983 189 1047 his
203 980 358 1047 Vulcanii
375 980 482 1047 verbis
507 985 656 1065 apertum
674 980 726 1044 fit:
750 978 851 1054 ‘Quae
870 983 1060 1064 sequuntur,
1078 980 1154 1064 quia

139 1072 179 1136 ad
202 1070 324 1136 calcem
343 1067 551 1135 Constantini
569 1069 899 1154 Porphyrogennetae
919 1069 1045 1134 adiecta
1063 1074 1156 1134 erant
1273 1121 1275 1124 .

136 1164 171 1224 et
181 1160 221 1223 ad
231 1159 466 1245 geographiam
475 1159 651 1242 pertinent,
664 1156 844 1222 adiicienda
852 1157 987 1240 putavi?
1005 1157 1156 1222 Alterum

136 1246 253 1335 (nostr.
277 1248 325 1313 ed.
349 1245 472 1334 appl)
500 1247 625 1331 primus
657 1244 780 1330 publici
807 1245 888 1310 iuris
916 1244 996 1310 fecit
1018 1245 1043 1310 Ι.
1068 1245 1157 1310 Goar

137 1339 172 1400 in
200 1335 317 1401 Oodini
345 1359 443 1421 quam
470 1335 599 1421 paravit
626 1333 768 1399 editione
796 1334 834 1398 de
863 1333 995 1419 officiis,
1021 1334 1157 1399 tertium

138 1423 184 1511 (n.
218 1425 266 1490 ed.
303 1449 375 1511 app.
398 1421 464 1511 III)
496 1424 563 1490 Leo
597 1422 739 1488 Allatius
757 1451 760 1456 ·
777 1421 911 1510 Georgii
947 1421 1157 1507 Acropolitae

138 1513 274 1578 editioni
294 1513 477 1579 subnexuit.
514 1512 603 1588 Quos
626 1512 749 1578 indices
770 1510 808 1576 G.
826 1511 969 1597 Pa'rthey
986 1512 1086 1577 nullis
1106 1513 1159 1577 ad·
1295 1523 1299 1532 '

138 1601 254 1668 hibitis
277 1602 370 1668 libris
398 1601 629 1686 manuscriptis
658 1601 695 1665 in
722 1600 863 1667 editione
891 1623 950 1666 sua
972 1602 1083 1667 recudi
1107 1625 1159 1668 cu-

139 1690 233 1756 ravit.
279 1692 353 1778 Ego
376 1713 453 1757 vero
473 1695 626 1774 quartum
649 1690 791 1774 afferam,
814 1689 870 1774 qui
893 1690 1005 1755 eadem
1029 1691 1159 1776 quidem

139 1781 275 1865 praebet
301 1780 436 1846 nomina
463 1801 545 1863 quae
573 1782 703 1844 exstant
729 1777 770 1846 in·
786 1778 963 1862 appendice
986 1780 1103 1864 prima·
1116 1817 1158 1826 ——

139 1869 303 1954 permulta
325 1874 436 1935 tamen
455 1868 577 1933 omissa
601 1871 677 1932 sunt
691 1903 745 1952 —,
759 1866 815 1931 sed
838 1867 894 1950 qni
918 1868 1028 1953 alium,
1051 1869 1160 1952 alpha-

139 1957 298 2043 beticum,
335 1957 482 2042 sequitur
519 1957 666 2022 ordinem
697 1954 732 2020 in
764 1953 990 2021 enumerandis
1027 1957 1158 2022 urbium

140 2046 338 2132 nominibuS‚
361 2068 425 2130 qua
448 2046 486 2111 de
510 2068 608 2111 causa
631 2045 662 2110 Ι8
685 2067 760 2109 eum
782 2045 963 2129 appellabo.

106 2151 108 2156 ’
230 2135 338 2201 Hosce
361 2157 438 2200 vero
463 2135 597 2212 adhibui
620 2133 760 2199 codices:

231 2240 288 2306 Ad
312 2241 562 2327 appendicem
581 2239 611 2305 I:
633 2219 643 2240 ⁸

230 2337 257 2402 Ι.
272 2339 417 2404 codicem
425 2336 723 2403 PalatinumOOIX
733 2335 793 2424 (a),
807 2323 928 2402 saeculi
937 2292 1025 2404 XIII.
1058 2337 1160 2413 Quem
1216 2329 1219 2334 ¹

141 2449 249 2491 meum
272 2427 307 2493 in
330 2449 427 2492 usum
449 2426 589 2491 Ioannes
612 2425 783 2496 Tscbiedel
799 2426 959 2491 excussit.

231 2523 274 2589 Π.
307 2525 452 2590 codicem
485 2523 672 2589 Parisinum
703 2521 852 2590 MOOCX
880 2520 947 2610 (b),
979 2544 1060 2589 saec.
1090 2522 1162 2608 XV,

131 2613 292 2698 chartae,
315 2613 471 2678 foliorum
489 2613 565 2678 444.
1060 2639 1063 2643 ·

232 2709 291 2775 ΙΠ.
311 2711 455 2777 codicem
474 2710 660 2776 Parisinum
678 2707 1062 2797 reg.MDO0LXV1(e),
1080 2733 1161 2776 saec.

143 2798 254 2884 XVII,
283 2799 438 2885 chartac,
469 2798 575 2864 folior.
594 2799 679 2873 452:
721 2798 865 2876 Parisios
893 2799 1059 2884 profectus
1089 2822 1162 2864 eum

144 2887 286 2952 editione
304 2887 511 2974 Partheyana
529 2887 654 2954 contuli
673 2910 712 2952 ex
730 2892 869 2973 utroque
893 2889 1002 2954 codice
1024 2911 1062 2954 ea
1080 2895 1183 2972 quae'
1261 2969 1265 2976 ι

143 2977 184 3042 ad
208 2975 282 3041 illos
306 2976 437 3041 urbium
460 2977 582 3042 indices
607 2981 765 3060 spectant.

233 3083 290 3148 Ad
314 3083 566 3169 appendicem
588 3082 632 3147 1⁸:
780 3079 782 3085 ’

235 3170 388 3238 codicem
406 3171 591 3237 cassinum
609 3193 676 3258 reg.
695 3157 838 3238 nonin
853 3169 918 3258 (a),
940 3143 1061 3238 saecun
1075 3172 1164 3257 xvi,
1251 3133 1254 3140 ’

144 3260 301 3346 chartac,
323 3261 429 3326 folior.
449 3261 528 3347 585,
550 3260 712 3346 pessimae
735 3283 865 3347 manus,
895 3283 990 3345 quem
1013 3261 1164 3326 Lutetiae
1205 3291 1209 3300 ⁴

144 3348 346 3416 Parisiorum
369 3350 505 3417 excussi.
543 3413 546 3419 .

234 3455 292 3521 Ad
316 3457 568 3542 appendicem
587 3455 634 3520 11:
681 3473 684 3479 '
936 3477 944 3490 ··

235 3553 261 3617 I.
276 3553 420 3620 codicem
434 3554 619 3628 Parisinum
634 3551 899 3640 ragnebertus
909 3549 968 3637 (e),
981 3573 1063 3616 saec.
1073 3550 1164 3616 XIII.
