2656 3892
513 216 725 270 PRAEFATIO.
1078 221 1128 270 XV

111 380 293 446 Iustiniano
324 381 535 465 imperatore,
565 377 678 462 paucis
711 378 803 442 annis
833 382 910 462 post
941 377 1127 444 Hieroclem

111 470 248 556 editum,
277 469 422 545 Italiam,
450 467 611 553 Africam,
641 471 769 553 partem
796 465 974 552 Hispaniae
1006 467 1125 532 iterum

110 558 259 624 Romano
284 557 423 644 imperio
451 557 637 622 adiunctam
664 577 734 620 esse
761 556 847 620 inter
875 577 986 620 omnes
1009 560 1126 620 notum

111 648 164 734 sit,
181 647 252 712 fieri
265 647 383 733 potuit,
401 650 439 711 ut
452 645 519 711 iam
529 644 578 710 VI
595 649 671 732 post
685 642 759 710 Chr.
773 666 804 708 n.
819 645 948 710 saeculo
964 645 1126 729 appendix

108 736 166 801 illa
189 737 382 822 synecdemo
410 734 598 800 adiceretur.
644 733 721 798 Alia
747 733 834 798 enim
858 733 1124 818 probabiliorque

109 847 206 890 causa
234 825 412 910 excogitari
439 825 567 909 nequit,
591 821 788 907 praesertim
816 822 893 906 quia
917 822 1053 887 saeculis
1078 821 1126 887 VI

108 918 140 978 et
150 913 214 978 Vll
227 914 303 979 illae
317 913 503 998 provinciae
516 911 654 996 imperio
668 911 817 976 Romano
834 912 939 976 denuo
954 912 1124 995 ademptae

107 1007 191 1067 sunt.
229 1002 352 1068 Verum
370 1002 454 1068 hanc
473 1023 579 1074 meam
598 1001 794 1065 sententiam
818 1000 971 1065 dubitans
995 1004 1124 1064 tantum

105 1113 263 1177 propono,
287 1113 361 1156 cum
384 1090 507 1173 aliquid
531 1089 610 1154 certi
635 1089 833 1154 constituere
855 1110 922 1152 non
943 1088 1049 1153 liccat.

194 1178 284 1256 Quae
310 1178 411 1244 verba
432 1177 466 1241 H
489 1176 567 1242 etL
591 1177 718 1241 codices
751 1176 792 1241 ad
820 1177 941 1241 calcem
974 1177 1122 1261 opusculi

105 1291 135 1332 v.
151 1270 224 1334 734.
244 1270 265 1332 5
288 1266 419 1348 addunt,
442 1265 553 1350 spuria
575 1286 645 1330 esse
668 1264 785 1330 iudico.
821 1263 949 1329 Desunt
972 1265 1068 1349 enim,
1086 1270 1123 1329 ut

104 1355 171 1420 iam
195 1377 293 1441 supra
316 1353 581 1439 commemoravi,
605 1353 642 1418 in
664 1353 856 1419 Taurinensi
879 1357 913 1419 et
936 1353 1123 1438 Parnaside,

105 1444 198 1508 libris
226 1443 467 1512 vetustissimis.
512 1443 598 1508 Dein
627 1443 775 1508 versibus
803 1443 877 1508 631.
901 1443 922 1508 3
945 1447 979 1507 et
1003 1443 1121 1508 7345

104 1555 169 1599 una
177 1533 304 1619 positis,
313 1531 408 1598 facile
421 1532 602 1618 intelleges,
612 1531 750 1597 alterum
760 1553 799 1596 ex
809 1531 912 1597 altero
924 1531 1121 1616 descriptum

104 1623 336 1706 contextuique
359 1645 379 1686 a
400 1621 535 1686 librario
559 1621 718 1686 insertum
742 1643 826 1686 esse:

259 1804 288 1846 v.
303 1782 378 1847 631.
402 1782 431 1847 3.
469 1846 472 1851 ,
794 1804 822 1845 v.
840 1782 913 1846 734.
936 1782 965 1846 5.

798 1884 914 1963 ‘Ts‘log
936 1895 997 1951 τοῦ
1020 1910 1118 1951 κατα-

147 1973 258 2041 ‘necle
291 1975 329 2040 αι’
355 1985 459 2041 πᾶσαι
488 1975 585 2062 dirup-
637 1979 739 2059 λόγου
749 1985 865 2061 πασῶν
874 1986 942 2040 τῶν
954 1974 1120 2062 ἐπαρχιῶν

100 2067 170 2149 χίαι
188 2063 244 2130 καὶ
257 2067 370 2142 πόλεις
388 2067 424 2130 αἱ
441 2064 507 2130 ὑπὸ
526 2067 586 2130 τὸν
636 2063 691 2131 καὶ
717 2067 848 2130 πόλεων
875 2076 942 2130 τῶν
968 2064 1034 2130 ὑπὸ
1058 2073 1118 2129 τοῦ

101 2152 237 2237 βασιλέα
247 2151 489 2239 τῶνῬωμαίων
502 2155 585 2218 droc—
636 2152 798 2238 βασιλέως
807 2151 1048 2239 τῶνῬωμαίων
1057 2162 1118 2218 τοῦ

100 2243 260 2327 κούμεναι
278 2243 339 2307 τὸν
356 2241 392 2307 ἐν
405 2246 586 2307 Κωνσταν-
637 2242 1028 2308 ἐνΚωνσταντινουπόλει
1039 2244 1119 2307 διοι-

100 2350 317 2444 τινουπό-λ-εξὲ
343 2345 496 2433 inoppino
531 2332 586 2430 ἷᾶ,
636 2329 830 2415 1011118111)νῖ

49 2525 53 2534 ,
99 2455 213 2568 erotem
236 2449 322 2535 Quis,
346 2452 391 2528 ὡς
408 2449 586 2517 ὑποτέτακ-

101 2564 157 2606 ται
173 2589 180 2606 .

188 2681 299 2749 Verba
326 2682 431 2769 igitur
462 2705 501 2748 ea
532 2681 676 2747 eicienda
708 2687 784 2748 sunt
808 2705 824 2748 e
848 2683 1010 2750 Hieroclis
1043 2707 1117 2751 con-

97 2776 198 2837 textu.
243 2771 320 2838 Alia
347 2776 398 2836 est
424 2771 510 2838 ratio
543 2771 729 2857 appendicis
757 2795 855 2857 quam
882 2772 909 2837 T
933 2777 965 2839 et
988 2773 1014 2838 F
1038 2774 1116 2838 litri

96 2860 263 2945 praebent.
316 2859 470 2938 Quamvis
503 2860 590 2926 enim
620 2861 677 2926 ille
706 2861 956 2927 occidentalium
986 2863 1115 2949 provin-

96 2949 221 3014 ciarum
242 2950 340 3015 index
364 2948 513 3036 genuinis
536 2949 698 3015 Hieroclis
723 2951 832 3016 verbis
855 2952 1115 3017 adnumerandus

94 3060 162 3104 non
186 3039 243 3122 sit,
273 3042 385 3103 tamen
407 3038 540 3104 minime
564 3039 818 3105 contemnendus
842 3044 901 3105 est.
942 3040 1005 3105 Est
1027 3040 1115 3105 addi-

95 3131 279 3192 tamentum
302 3127 391 3192 docti
410 3127 578 3193 cuiusdam
596 3127 668 3213 viri,
686 3128 742 3211 qui
760 3150 835 3193 eum
854 3151 894 3193 ex
913 3129 1024 3194 ordine
1042 3151 1115 3213 pro·

95 3214 276 3281 vinciarnm
290 3214 488 3281 Diocletiani
502 3215 741 3300 Theodosiique
757 3217 992 3302 imperatorum
1007 3222 1113 3283 aetate

95 3303 251 3369 instituto
275 3304 482 3390 desumptum
504 3304 668 3370 Hieroclis
693 3305 783 3390 operi
805 3305 952 3371 inseruit.

183 3391 334 3458 Alterum
357 3413 459 3478 genus
482 3413 538 3458 eos
562 3393 709 3469 continet
732 3393 858 3459 codices
882 3394 937 3477 qui
961 3393 1112 3458 mutilum

96 3481 357 3562 quattuordecim
392 3481 567 3568 postremis
603 3482 781 3568 provinciis
813 3483 971 3567 praebent
1004 3503 1113 3566 synec-

95 3566 235 3634 demum.
290 3567 364 3635 Huc
395 3569 493 3657 longe
525 3569 660 3655 plurimi
696 3570 773 3635 libri
808 3571 986 3656 pertinent:
1025 3567 1113 3633 Cois-
