2656 3892
178 175 256 224 XXX
583 171 794 225 PRAEFATIO.

269 331 377 398 Codex
404 332 460 396 ille
487 331 717 398 Mechlinensis
745 330 803 396 ubi
829 352 916 396 nunc
945 331 1048 396 lateat
1076 334 1198 399 nescio,

178 423 343 488 Incertum
362 442 460 506 porro
475 424 535 506 est,
552 425 663 485 utrum
677 414 717 485 ex
731 420 843 486 eodem
862 419 1038 504 exemplari
1057 420 1199 488 alterum

179 512 217 576 de
245 509 445 575 thematibus
474 508 682 594 descripserit
710 509 831 574 librum
858 531 901 574 an
927 531 966 574 ex
989 509 1063 574 alio.
1108 508 1198 576 Nam

177 600 213 663 in
245 599 367 664 edendo
403 598 510 682 primo
542 598 627 663 libro
659 600 759 664 verba
793 597 913 664 codicis
949 597 1197 686 religiosissime

177 687 331 772 repetivit
363 687 555 771 Vulcanius,
591 687 682 752 nulla
718 687 843 753 medela
881 685 1044 774 adhibita3
1081 692 1198 753 contra

178 775 312 840 alterius
330 775 407 840 libri
430 777 530 841 verba
547 775 583 840 iu
601 775 722 841 codicis
745 775 891 862 margine
911 797 1006 861 saepe
1025 777 1198 842 emendata

177 863 387 929 inveniuntur
409 869 515 950 atque,
539 869 576 928 ut
598 885 660 951 ego
685 864 814 948 quidem
840 864 1001 950 suspicor,
1026 887 1043 930 e
1066 863 1196 930 Morelli

178 951 318 1018 editione
351 953 390 1019 de
422 975 488 1038 qua
515 974 611 1038 supra
640 953 707 1018 iam
734 954 954 1019 tractavimus.
999 953 1089 1020 Haec
1117 976 1195 1020 vero

178 1042 310 1106 afferam
330 1065 420 1108 meae
440 1042 619 1108 sententiae
639 1047 844 1128 argumenta:
867 1065 1022 1128 persaepe
1041 1043 1128 1107 enim
1146 1042 1194 1108 eis

178 1130 309 1214 quaein
328 1132 476 1219 margine
494 1131 672 1197 affeumtur
686 1131 817 1197 urbium
834 1131 1022 1197 nominibus
1035 1131 1146 1196 littera
1160 1131 1196 1196 M

176 1220 377 1306 praescripta
413 1220 591 1307 invenitur,
624 1221 772 1286 conferas
799 1245 828 1286 v.
850 1222 903 1286 47.
927 1223 947 1286 8
976 1217 1194 1306 (αίμιμόντου

176 1307 344 1398 ἐπαρχία),
375 1331 440 1394 quo
466 1309 540 1375 loeo
563 1309 706 1393 primum
727 1309 762 1374 id
784 1309 879 1375 nobis
908 1310 1062 1376 occurrit:
1086 1309 1193 1374 ‘malo

176 1396 249 1462 Mor
263 1398 354 1484 Kpa',
377 1398 495 1481 quibus
518 1398 626 1462 verbis
650 1402 737 1463 certe
759 1396 842 1462 nihil
865 1398 954 1463 aliud
976 1399 1041 1464 nisi
1063 1397 1192 1464 Metelli

176 1485 350 1551 lectionem
387 1483 609 1573 (αμιμόντου)
647 1485 829 1572 significare
866 1487 973 1551 voluit
1003 1485 1193 1553 Vulcanius.

175 1573 311 1638 Accedit
339 1575 426 1657 quod
458 1574 589 1638 omnino
619 1574 815 1640 conveniunt
842 1597 898 1641 eae
930 1576 1086 1642 lectiones
1119 1598 1194 1641 cum

176 1660 387 1748 Morellianis,
412 1661 511 1728 velut:

583 1841 589 1854 .
698 1842 705 1854 .
1006 1789 1161 1854 Morelli

384 1841 502 1906 codex
524 1840 737 1907 Leidens1s.
1019 1877 1150 1943 editio·

292 1962 325 2051 a)
348 1965 383 2029 in
407 1968 571 2030 contextu.
710 1963 948 2054 b)inmargine.

175 2111 202 2152 v.
217 2089 270 2153 47.
305 2090 333 2153 8.
385 2087 522 2173 ἐπαρχία
530 2089 682 2173 αίμιμόν-
710 2090 797 2154 malo
819 2089 893 2155 Mor
979 2089 1116 2176 ἐπαρχία

376 2185 453 2242 ’του.
488 2266 500 2278 „
753 2202 834 2263 -κμι,
982 2181 1191 2264 -κμιμόντου,

175 2323 203 2366 v.
222 2337 259 2350 -
281 2300 364 2367 lua
385 2285 513 2388 τρώωρ.
709 2302 744 2368 Μ
763 2304 920 2390 τρώσμισ.
976 2305 1133 2390 rodopam.

174 2412 202 2457 v.
216 2391 363 2456 49.18.a
384 2391 573 2477 ὃεόβοαρος.
708 2391 744 2458 Μ
763 2393 826 2458 διό.
977 2393 1167 2478 ὃιόβουροσ.

174 2502 204 2543 v.
219 2517 261 2526 -
278 2480 329 2546 18.
339 2503 365 2545 c.
383 2483 552 2567 βρακίλοσ.
708 2480 744 2545 Μ
761 2482 941 2567 βράγαλοσ.
975 2481 1155 2566 βράγυλοα.

174 2589 200 2631 v.
218 2605 259 2614 -
277 2569 327 2632 19.
337 2569 365 2632 d.
385 2571 539 2654 τόπηροα.
708 2569 744 2634 Μ
760 2572 925 2656 τόπειροσ.
975 2573 1147 2657 τόπειροσ.’

174 2677 202 2719 v.
218 2691 259 2700 -
276 2656 326 2719 20.
337 2656 358 2720 f.
382 2657 516 2721 dauloo.
708 2656 743 2722 M
761 2659 896 2744 ἄραλοσ.
975 2660 1109 2745 dipel-oo.

173 2765 201 2808 v.
216 2743 269 2808 50.
298 2744 326 2808 8.
337 2744 367 2809 b.
382 2753 488 2829 νῆσοσ
508 2744 610 2809 aeard-
708 2745 743 2811 M
762 2752 880 2832 ρηθοσ.
975 2747 1182 2835 αεπάρηθοσ.

384 2839 495 2920 (mooe.

171 2943 199 2984 v.
215 2919 269 2986 56.
297 2922 325 2987 6.
336 2920 366 2986 b.
386 2920 539 3009 γέρμαοσ.
707 2921 743 2988 Μ
762 2926 936 3010 γερμααόσ.
976 2927 1151 3012 γερμανόσ.

261 3114 339 3181 Non
361 3117 482 3202 ubique
500 3122 611 3183 tamen
633 3117 865 3184 Mechlinensis
888 3119 1009 3186 codicis
1031 3119 1188 3186 lectiones

171 3203 366 3272 eParisinis
385 3207 570 3274 emendavit
591 3205 786 3296 Vulcanius,
807 3229 1051 3294 nonnumquam
1074 3208 1189 3274 immu-

172 3298 259 3361 tatas
284 3317 339 3362 eas
363 3296 505 3385 reliquit,
527 3296 630 3364 velut:
