2676 3896
420 164 559 216 VRBIVM
576 165 718 216 NOMINA
737 165 891 216 MVTATA.
1121 165 1164 229 65

512 355 725 459 Appendix
751 355 798 439 1³.

948 493 1028 522 mm
1043 483 1165 531 3333331

167 569 182 615 1
238 555 431 636 Σημείωσαι
455 552 530 618 ὅσαι
554 564 620 618 τῶν
643 549 773 618 πόλεων
797 551 834 618 ἐν
856 564 926 630 τοῖς
942 553 1084 638 ὕστερον
1149 571 1164 619 1

237 654 371 743 χρόνοις
393 658 709 743 μετωνομάσθησαν.

27 838 37 873 ι
167 831 183 879 3
235 809 340 895 Ἀξιὸς
360 818 505 901 ποταμὸς
528 818 546 883 ὁ
571 817 749 902 Κύρδαρις.
1146 833 1163 884 8

166 937 183 985 3
230 919 351 1006 ’Ἄργος
371 924 576 987 Θεσσαλικὸν
598 922 619 1004 ἡ
642 923 804 1006 Λάρισσα.
1148 939 1164 987 3

167 1042 184 1089 4
238 1032 359 1092 Αἴπεια
381 1027 402 1110 ἡ
425 1038 490 1092 νῦν
513 1028 666 1112 Κορώνη.
1132 1045 1164 1093 1ο

166 1147 183 1196 3
236 1128 440 1198 Ἀπολλωνία
463 1131 482 1198 ό
511 1141 574 1197 νῦν
592 1130 750 1214 Ἱερισσὸς
776 1132 796 1214 ἡ
824 1135 908 1217 πρὸς
928 1140 974 1219 τῷ
992 1131 1083 1222 ’Ἇθςο
1132 1149 1165 1197 14

239 1239 309 1322 ὄρει
332 1237 475 1321 κειμένη.

165 1361 183 1408 3
235 1341 430 1427 Ἀμφίπολις
451 1342 472 1426 ἡ
495 1354 559 1409 νῦν
583 1340 800 1430 Χρυσόπολις.
1130 1361 1162 1410 13

167 1465 182 1513 ἰ
234 1445 346 1533 Ἀχαΐα
368 1449 388 1533 ἡ
412 1459 476 1514 νῦν
499 1450 625 1533 Πότρα.
1131 1466 1165 1515 38

166 1570 182 1619 8
237 1555 377 1639 Αὔδηρα
399 1557 437 1620 τὸ
460 1565 525 1620 νῦν
548 1556 777 1620 Πολύστυλον.
1130 1572 1163 1621 31

166 1675 182 1725 9
239 1657 404 1745 Γερμανοὶ
428 1662 462 1726 οί
484 1660 644 1744 Φράγγοι.
1131 1677 1164 1725 31

148 1782 183 1831 1ο
236 1763 434 1851 Ἐπίδαμνος
455 1769 492 1831 τὸ
515 1775 580 1831 νῦν
603 1765 805 1851 Δουράχιον.
1149 1782 1165 1830 3

150 1888 182 1936 11
236 1867 434 1955 Ἐπίδαυρος
455 1869 551 1948 πόλις
565 1873 840 1955 Πελοποννήσου,
864 1870 960 1955 ἡτης
980 1867 1085 1957 Ἀχρί-
1149 1888 1165 1936 3

238 1979 297 2054 όος
319 1982 417 2061 λίμνη
441 1975 566 2066 πρῴην.

150 2099 182 2148 13
230 2081 373 2148 Ἔδεσσα
395 2084 436 2147 τὰ
457 2093 522 2149 νῦν
544 2085 715 2148 Μύλαινα.
1150 2100 1165 2148 7

149 2206 183 2253 13
239 2189 368 2274 Εὔβοια
392 2188 410 2253 ὁ
433 2189 614 2272 Εὔριππος.
1131 2204 1165 2253 43

151 2311 185 2358 14
241 2296 423 2370 Θεούπολις
444 2293 465 2376 ἡ
489 2303 553 2359 νῦν
576 2293 727 2376 Προύσα.
1132 2311 1165 2359 13

151 2415 183 2463 13
240 2398 351 2483 Θέρμη
375 2397 429 2464 καὶ
446 2395 597 2482 Ἠμαθία
619 2398 640 2481 ἡ
665 2400 900 2481 Θεσσαλονίκη.
1130 2416 1165 2464 33

149 2522 183 2571 13
234 2502 418 2589 Ἰλλυρικὸν
441 2504 461 2588 ἡ
485 2515 549 2570 νῦν
573 2507 709 2588 Σερβία.
1119 2513 1167 2569 24⁸

149 2629 181 2676 17
234 2607 353 2677 Ἰταλία
375 2611 396 2694 ἡ
422 2611 661 2694 Λογγιβαρὸία.
1132 2627 1166 2676 33

149 2733 183 2781 13
239 2721 391 2794 Μαιῶτις
414 2720 513 2801 λίμνη
536 2716 557 2798 ἡ
580 2725 645 2782 νῦν
667 2717 822 2781 Γαλατία.
1132 2733 1166 2782 33

148 2839 181 2888 13
235 2822 367 2907 Μέμφη
387 2823 424 2887 ἐν
446 2823 605 2908 Αἰγύπτῳ
628 2820 648 2904 ἡ
671 2832 736 2887 νῦν
764 2822 926 2906 Ταμιάφη.
1132 2839 1166 2887 33

148 2945 182 2995 3ο
237 2926 422 3004 Νικόπολις
444 2929 465 3012 ἡ
488 2937 553 2993 νῦν
576 2924 735 3011 Πρέβεξα.
1133 2945 1167 2992 43

146 3051 181 3100 31
231 3031 371 3118 Ῥοδόπη
394 3033 415 3116 ἡ
441 3030 713 3110 Φιλιπποόπολις.
1132 3050 1166 3098 31

146 3158 181 3208 33
241 3143 343 3226 Τρίκη
367 3141 494 3205 τὰνῦν
522 3143 675 3224 Τρίκαλα.
1133 3156 1165 3204 13

219 3315 237 3367 d
255 3313 304 3369 fol.
324 3318 388 3367 5851
401 3315 410 3382 ΙΙ
425 3320 439 3367 1
454 3263 707 3383 βίσημείωσαι)
719 3314 729 3382 n
743 3316 759 3366 5
779 3307 900 3381 ίερισσόσ
911 3355 916 3368 .
926 3310 999 3382 πρόσ
1010 3353 1015 3365 .
1026 3311 1142 3382 κειμενή
1155 3313 1164 3384 {i

148 3388 181 3438 11
205 3389 287 3455 λιμνη
312 3386 321 3455 fl
343 3390 376 3438 15
394 3389 488 3455 θερμη
507 3390 516 3452 ΙΙ
537 3388 571 3436 18
596 3390 726 3448 Οαιῶτισ
747 3384 757 3453 ss
782 3388 814 3438 19
832 3381 955 3452 ηγόπτο),
973 3385 1040 3452 post
1058 3388 1092 3436 19
1111 3385 1165 3438 inc.

147 3454 166 3506 d
184 3455 233 3510 fol.
253 3459 322 3508 383ν
336 3460 345 3524 fl
359 3461 392 3508 31
412 3453 529 3525 ροδότιη.

199 3605 319 3646 Hieroclis
334 3605 489 3657 syneedemus
935 3598 950 3645 5
